    <!DOCTYPE html>
    <html lang="en">
    
    <head>
        <meta charset="UTF-8">
        <meta http-equiv="X-UA-Compatible" content="IE=edge">
        <meta name="viewport" content="width=device-width, initial-scale=1.0">
        <title>IaSmarKet Products</title>
        <style>
            body {
                background-color: black;
                color: white;
                font-family: Arial, sans-serif;
            }
    
            .datetime {
                text-align: center;
                color: gray;
                margin-top: 20px;
            }
    
            .date,
            .time {
                font-size: 48px;
            }
    
            .container {
                display: flex;
                flex-wrap: wrap;
                justify-content: center;
                align-items: flex-start;
                min-height: calc(100vh - 7cm);
                padding: 20px;
            }
    
            .product {
                width: calc(100% / 4 - 40px);
                margin: 10px;
                text-align: center;
                border: 1px solid red;
                border-radius: 10px;
                overflow: hidden;
                padding: 10px;
                display: flex;
                flex-direction: column;
                background-color: black;
                color: white;
                transition: transform 0.3s;
            }
    
            .product:hover {
                transform: scale(1.05);
            }
    
            .product .content {
                height: 200px;
                overflow: hidden;
            }
    
            .product img {
                width: 100%;
                height: 200px;
                object-fit: cover;
            }
    
            .product .description {
                margin-top: 10px;
                flex-grow: 1;
            }
    
            .product .more-link {
                margin-top: 5px;
                cursor: pointer;
                color: blue;
                text-decoration: underline;
            }
    
            .pagination {
                text-align: center;
                margin: 20px 0;
                width: 100%;
            }
    
            .pagination a {
                color: white;
                padding: 8px 16px;
                text-decoration: none;
                background-color: gray;
                margin: 0 4px;
                border-radius: 4px;
            }
    
            .pagination a:hover {
                background-color: #575757;
            }
    
            @media (min-width: 768px) and (max-width: 991px) {
                .product {
                    width: calc(100% / 3 - 40px);
                }
            }
    
            @media (max-width: 767px) {
                .product {
                    width: calc(100% - 40px);
                }
            }
    
            /* Style pour le bouton flottant */
            .floating-button {
                position: fixed;
                bottom: 20px;
                right: 20px;
                background-color: red;
                color: white;
                border: none;
                border-radius: 50%;
                width: 60px;
                height: 60px;
                text-align: center;
                font-size: 18px;
                cursor: pointer;
                z-index: 1000;
                box-shadow: 0 4px 8px rgba(0, 0, 0, 0.2);
            }
    
            /* Style pour la barre de recherche */
            .search-bar {
                width: 100%;
                text-align: center;
                margin: 20px 0;
            }
    
            .search-bar input {
                width: 50%;
                padding: 10px;
                border-radius: 5px;
                border: none;
                font-size: 16px;
            }
    
            @media (max-width: 767px) {
                .search-bar input {
                    width: 80%;
                }
            }
        </style>
    </head>
    
    <body>
        <div class="datetime">
            <div class="date" id="comment"></div>
            <div class="date" id="date"></div>
            <div class="time" id="time"></div>
        </div>
        <!-- Pagination -->
        <div class="pagination">Pages :

         
            </div>
                <!-- Barre de recherche -->
                <div class="search-bar">serche:
                <input type="text" id="searchInput" placeholder=" search and filter by product / name Ex:'Blender' / discount percentage Ex:'30%' ..." onkeyup="filterProducts()">
                </div>

                <div class="container" id="productContainer">
                    <!-- Exemple de produits -->
          
            

<div class="product"><a href="https://www.amazon.com/dp/B09K8YYVWV?tag=eloabder-20&linkCode=osi&th=1&psc=1"><img src="https://m.media-amazon.com/images/I/4123dxF1ijL._SL500_.jpg" alt="Product Image"></a><p>Blue Buffalo Life Protection Formula Natural Adult Dry Dog Food, Chicken and Brown Rice 5-lb Trial Size Bag</p><p> -17% 0FF </p><p>$14.98 ($3.00 / lb)</p><a href="https://www.amazon.com/dp/B09K8YYVWV?tag=eloabder-20&linkCode=osi&th=1&psc=1">View Product</a></div><div class="product"><a href="https://www.amazon.com/dp/B0000AH3QT?tag=eloabder-20&linkCode=osi&th=1&psc=1"><img src="https://m.media-amazon.com/images/I/41FXHOzdCWL._SL500_.jpg" alt="Product Image"></a><p>Purina ONE Chicken and Rice Formula Dry Dog Food - 8 lb. Bag</p><p> -9% 0FF </p><p>$16.28 ($2.04 / lb)</p><a href="https://www.amazon.com/dp/B0000AH3QT?tag=eloabder-20&linkCode=osi&th=1&psc=1">View Product</a></div><div class="product"><a href="https://www.amazon.com/dp/B09K9FDLFN?tag=eloabder-20&linkCode=osi&th=1&psc=1"><img src="https://m.media-amazon.com/images/I/41fn4P3zY0L._SL500_.jpg" alt="Product Image"></a><p>Blue Buffalo Life Protection Formula Natural Adult Small Breed Dry Dog Food, Chicken and Brown Rice 5-lb Trial Size Bag</p><p> -13% 0FF </p><p>$17.48 ($3.50 / lb)</p><a href="https://www.amazon.com/dp/B09K9FDLFN?tag=eloabder-20&linkCode=osi&th=1&psc=1">View Product</a></div><div class="product"><a href="https://www.amazon.com/dp/B009IOCCD2?tag=eloabder-20&linkCode=osi&th=1&psc=1"><img src="https://m.media-amazon.com/images/I/41hzdgAAhmL._SL500_.jpg" alt="Product Image"></a><p>Purina ONE Dry Dog Food Lamb and Rice Formula - 31.1 lb. Bag</p><p> -17% 0FF </p><p>$48.98 ($1.57 / lb)</p><a href="https://www.amazon.com/dp/B009IOCCD2?tag=eloabder-20&linkCode=osi&th=1&psc=1">View Product</a></div><div class="product"><a href="https://www.amazon.com/dp/B06WGLV27L?tag=eloabder-20&linkCode=osi&th=1&psc=1"><img src="https://m.media-amazon.com/images/I/41+bgu7zfAL._SL500_.jpg" alt="Product Image"></a><p>Nutrish Dry Dog Food, Real Beef, Pea & Brown Rice Recipe Whole Health Blend for Adult Dogs, 40 lb. Bag, Packaging May Vary (Rachael Ray)</p><p> -26% 0FF </p><p>$43.99 ($1.10 / lb)</p><a href="https://www.amazon.com/dp/B06WGLV27L?tag=eloabder-20&linkCode=osi&th=1&psc=1">View Product</a></div><div class="product"><a href="https://www.amazon.com/dp/B0009YWKUA?tag=eloabder-20&linkCode=osi&th=1&psc=1"><img src="https://m.media-amazon.com/images/I/41gZ78TZzBL._SL500_.jpg" alt="Product Image"></a><p>Blue Buffalo Life Protection Formula Adult Dry Dog Food, Helps Build and Maintain Strong Muscles, Made with Natural Ingredients, Chicken & Brown Rice Recipe, 30-lb. Bag</p><p> -11% 0FF </p><p>$66.99 ($2.23 / lb)</p><a href="https://www.amazon.com/dp/B0009YWKUA?tag=eloabder-20&linkCode=osi&th=1&psc=1">View Product</a></div><div class="product"><a href="https://www.amazon.com/dp/B0009YUGAG?tag=eloabder-20&linkCode=osi&th=1&psc=1"><img src="https://m.media-amazon.com/images/I/41s0BUVfCbL._SL500_.jpg" alt="Product Image"></a><p>Blue Buffalo Life Protection Formula Adult Dry Dog Food, Helps Build and Maintain Strong Muscles, Made with Natural Ingredients, Chicken & Brown Rice Recipe, 15-lb. Bag</p><p> -15% 0FF </p><p>$37.98 ($2.53 / lb)</p><a href="https://www.amazon.com/dp/B0009YUGAG?tag=eloabder-20&linkCode=osi&th=1&psc=1">View Product</a></div>

<div class="product"><a href="https://www.amazon.com/dp/B0CGZ7N7J4?tag=eloabder-20&linkCode=osi&th=1&psc=1"><img src="https://m.media-amazon.com/images/I/41dGghK+AoL._SL500_.jpg" alt="Product Image"></a><p>Dokotoo Men Mens Fashion Sweatshirts Fall Winter Clothes Long Sleeve Lightweight Thin Shirt Geometric Texture Dressy Crewneck Pullover Sweaters Brown X-Large</p><p> -11% 0FF </p><p>$19.99</p><a href="https://www.amazon.com/dp/B0CGZ7N7J4?tag=eloabder-20&linkCode=osi&th=1&psc=1">View Product</a></div><div class="product"><a href="https://www.amazon.com/dp/B0D4DG71YH?tag=eloabder-20&linkCode=osi&th=1&psc=1"><img src="https://m.media-amazon.com/images/I/41KS7EqUoGL._SL500_.jpg" alt="Product Image"></a><p>JMIERR Men Sweatshirts Front Collar Comfy Simple Plain Long Sleeve Drawstring Hoodies for Men with Pocket Pullover Casual Fashion Winter Autumn Shirt Big and Tall Sweater, US60(5XL), Khaki</p><p> -14% 0FF </p><p>$29.99</p><a href="https://www.amazon.com/dp/B0D4DG71YH?tag=eloabder-20&linkCode=osi&th=1&psc=1">View Product</a></div>

<div class="product"><a href="https://www.amazon.com/dp/B00ACIGNMY?tag=eloabder-20&linkCode=osi&th=1&psc=1"><img src="https://m.media-amazon.com/images/I/41Je9e62ioL._SL500_.jpg" alt="Product Image"></a><p>Hanes Mens Tagless Briefs, Soft Moisture Wicking Underwear, 7-pack Briefs-underwear, Gray/Black - 7 Pack, Large US</p><p> -43% 0FF </p><p>$24.00</p><a href="https://www.amazon.com/dp/B00ACIGNMY?tag=eloabder-20&linkCode=osi&th=1&psc=1">View Product</a></div><div class="product"><a href="https://www.amazon.com/dp/B00L6TPSHY?tag=eloabder-20&linkCode=osi&th=1&psc=1"><img src="https://m.media-amazon.com/images/I/41mJ+iLWkdL._SL500_.jpg" alt="Product Image"></a><p>Hanes Men's 6-Pack Tagless No Ride Up Briefs with ComfortSoft Waistband, Assorted, Medium</p><p> -10% 0FF </p><p>$17.98</p><a href="https://www.amazon.com/dp/B00L6TPSHY?tag=eloabder-20&linkCode=osi&th=1&psc=1">View Product</a></div><div class="product"><a href="https://www.amazon.com/dp/B07814714H?tag=eloabder-20&linkCode=osi&th=1&psc=1"><img src="https://m.media-amazon.com/images/I/416IVo-7aSL._SL500_.jpg" alt="Product Image"></a><p>Gildan Men's Underwear Covered Waistband Boxer Briefs, Multipack, Mixed Garnet (5-Pack), Large</p><p> -27% 0FF </p><p>$13.09</p><a href="https://www.amazon.com/dp/B07814714H?tag=eloabder-20&linkCode=osi&th=1&psc=1">View Product</a></div>

<div class="product"><a href="https://www.amazon.com/dp/B0CGZ7N7J4?tag=eloabder-20&linkCode=osi&th=1&psc=1"><img src="https://m.media-amazon.com/images/I/41dGghK+AoL._SL500_.jpg" alt="Product Image"></a><p>Dokotoo Men Mens Fashion Sweatshirts Fall Winter Clothes Long Sleeve Lightweight Thin Shirt Geometric Texture Dressy Crewneck Pullover Sweaters Brown X-Large</p><p> -11% 0FF </p><p>$19.99</p><a href="https://www.amazon.com/dp/B0CGZ7N7J4?tag=eloabder-20&linkCode=osi&th=1&psc=1">View Product</a></div><div class="product"><a href="https://www.amazon.com/dp/B0D4DG71YH?tag=eloabder-20&linkCode=osi&th=1&psc=1"><img src="https://m.media-amazon.com/images/I/41KS7EqUoGL._SL500_.jpg" alt="Product Image"></a><p>JMIERR Men Sweatshirts Front Collar Comfy Simple Plain Long Sleeve Drawstring Hoodies for Men with Pocket Pullover Casual Fashion Winter Autumn Shirt Big and Tall Sweater, US60(5XL), Khaki</p><p> -14% 0FF </p><p>$29.99</p><a href="https://www.amazon.com/dp/B0D4DG71YH?tag=eloabder-20&linkCode=osi&th=1&psc=1">View Product</a></div>

<div class="product"><a href="https://www.amazon.com/dp/B00ACIGNMY?tag=eloabder-20&linkCode=osi&th=1&psc=1"><img src="https://m.media-amazon.com/images/I/41Je9e62ioL._SL500_.jpg" alt="Product Image"></a><p>Hanes Mens Tagless Briefs, Soft Moisture Wicking Underwear, 7-pack Briefs-underwear, Gray/Black - 7 Pack, Large US</p><p> -43% 0FF </p><p>$24.00</p><a href="https://www.amazon.com/dp/B00ACIGNMY?tag=eloabder-20&linkCode=osi&th=1&psc=1">View Product</a></div><div class="product"><a href="https://www.amazon.com/dp/B00L6TPSHY?tag=eloabder-20&linkCode=osi&th=1&psc=1"><img src="https://m.media-amazon.com/images/I/41mJ+iLWkdL._SL500_.jpg" alt="Product Image"></a><p>Hanes Men's 6-Pack Tagless No Ride Up Briefs with ComfortSoft Waistband, Assorted, Medium</p><p> -10% 0FF </p><p>$17.98</p><a href="https://www.amazon.com/dp/B00L6TPSHY?tag=eloabder-20&linkCode=osi&th=1&psc=1">View Product</a></div><div class="product"><a href="https://www.amazon.com/dp/B07814714H?tag=eloabder-20&linkCode=osi&th=1&psc=1"><img src="https://m.media-amazon.com/images/I/416IVo-7aSL._SL500_.jpg" alt="Product Image"></a><p>Gildan Men's Underwear Covered Waistband Boxer Briefs, Multipack, Mixed Garnet (5-Pack), Large</p><p> -27% 0FF </p><p>$13.09</p><a href="https://www.amazon.com/dp/B07814714H?tag=eloabder-20&linkCode=osi&th=1&psc=1">View Product</a></div>
<div class="product"><a href="https://www.amazon.com/dp/B07FTGY1XR?tag=eloabder-20&linkCode=osi&th=1&psc=1"><img src="https://m.media-amazon.com/images/I/41yHcW15a8L._SL500_.jpg" alt="Product Image"></a><p>NORTIV 8 Men's Insulated Waterproof Construction Hiking Winter Snow Boots,Size 10.5,Black/1,TUNDRA</p><p> -10% 0FF </p><p>$43.19</p><a href="https://www.amazon.com/dp/B07FTGY1XR?tag=eloabder-20&linkCode=osi&th=1&psc=1">View Product</a></div>

<div class="product"><a href="https://www.amazon.com/dp/B09K8YYVWV?tag=eloabder-20&linkCode=osi&th=1&psc=1"><img src="https://m.media-amazon.com/images/I/4123dxF1ijL._SL500_.jpg" alt="Product Image"></a><p>Blue Buffalo Life Protection Formula Natural Adult Dry Dog Food, Chicken and Brown Rice 5-lb Trial Size Bag</p><p> -17% 0FF </p><p>$14.98 ($3.00 / lb)</p><a href="https://www.amazon.com/dp/B09K8YYVWV?tag=eloabder-20&linkCode=osi&th=1&psc=1">View Product</a></div><div class="product"><a href="https://www.amazon.com/dp/B0000AH3QT?tag=eloabder-20&linkCode=osi&th=1&psc=1"><img src="https://m.media-amazon.com/images/I/41FXHOzdCWL._SL500_.jpg" alt="Product Image"></a><p>Purina ONE Chicken and Rice Formula Dry Dog Food - 8 lb. Bag</p><p> -9% 0FF </p><p>$16.28 ($2.04 / lb)</p><a href="https://www.amazon.com/dp/B0000AH3QT?tag=eloabder-20&linkCode=osi&th=1&psc=1">View Product</a></div><div class="product"><a href="https://www.amazon.com/dp/B09K9FDLFN?tag=eloabder-20&linkCode=osi&th=1&psc=1"><img src="https://m.media-amazon.com/images/I/41fn4P3zY0L._SL500_.jpg" alt="Product Image"></a><p>Blue Buffalo Life Protection Formula Natural Adult Small Breed Dry Dog Food, Chicken and Brown Rice 5-lb Trial Size Bag</p><p> -13% 0FF </p><p>$17.48 ($3.50 / lb)</p><a href="https://www.amazon.com/dp/B09K9FDLFN?tag=eloabder-20&linkCode=osi&th=1&psc=1">View Product</a></div><div class="product"><a href="https://www.amazon.com/dp/B009IOCCD2?tag=eloabder-20&linkCode=osi&th=1&psc=1"><img src="https://m.media-amazon.com/images/I/41hzdgAAhmL._SL500_.jpg" alt="Product Image"></a><p>Purina ONE Dry Dog Food Lamb and Rice Formula - 31.1 lb. Bag</p><p> -17% 0FF </p><p>$48.98 ($1.57 / lb)</p><a href="https://www.amazon.com/dp/B009IOCCD2?tag=eloabder-20&linkCode=osi&th=1&psc=1">View Product</a></div><div class="product"><a href="https://www.amazon.com/dp/B06WGLV27L?tag=eloabder-20&linkCode=osi&th=1&psc=1"><img src="https://m.media-amazon.com/images/I/41+bgu7zfAL._SL500_.jpg" alt="Product Image"></a><p>Nutrish Dry Dog Food, Real Beef, Pea & Brown Rice Recipe Whole Health Blend for Adult Dogs, 40 lb. Bag, Packaging May Vary (Rachael Ray)</p><p> -26% 0FF </p><p>$43.99 ($1.10 / lb)</p><a href="https://www.amazon.com/dp/B06WGLV27L?tag=eloabder-20&linkCode=osi&th=1&psc=1">View Product</a></div><div class="product"><a href="https://www.amazon.com/dp/B0009YWKUA?tag=eloabder-20&linkCode=osi&th=1&psc=1"><img src="https://m.media-amazon.com/images/I/41gZ78TZzBL._SL500_.jpg" alt="Product Image"></a><p>Blue Buffalo Life Protection Formula Adult Dry Dog Food, Helps Build and Maintain Strong Muscles, Made with Natural Ingredients, Chicken & Brown Rice Recipe, 30-lb. Bag</p><p> -11% 0FF </p><p>$66.99 ($2.23 / lb)</p><a href="https://www.amazon.com/dp/B0009YWKUA?tag=eloabder-20&linkCode=osi&th=1&psc=1">View Product</a></div><div class="product"><a href="https://www.amazon.com/dp/B0009YUGAG?tag=eloabder-20&linkCode=osi&th=1&psc=1"><img src="https://m.media-amazon.com/images/I/41s0BUVfCbL._SL500_.jpg" alt="Product Image"></a><p>Blue Buffalo Life Protection Formula Adult Dry Dog Food, Helps Build and Maintain Strong Muscles, Made with Natural Ingredients, Chicken & Brown Rice Recipe, 15-lb. Bag</p><p> -15% 0FF </p><p>$37.98 ($2.53 / lb)</p><a href="https://www.amazon.com/dp/B0009YUGAG?tag=eloabder-20&linkCode=osi&th=1&psc=1">View Product</a></div>
<div class="product"><a href="https://www.amazon.com/dp/B0BFPJJTR9?tag=eloabder-20&linkCode=osi&th=1&psc=1"><img src="https://m.media-amazon.com/images/I/511o77BB+6L._SL500_.jpg" alt="Product Image"></a><p>Joytale Dog Leash for Large Dogs, Heavy Duty Nylon Leashes with Comfortable Padded Handle and Highly Reflective Threads, Ideal for Walking and Training, Black, 6'×1/2''</p><p> -10% 0FF </p><p>$7.19</p><a href="https://www.amazon.com/dp/B0BFPJJTR9?tag=eloabder-20&linkCode=osi&th=1&psc=1">View Product</a></div><div class="product"><a href="https://www.amazon.com/dp/B076F7HM8T?tag=eloabder-20&linkCode=osi&th=1&psc=1"><img src="https://m.media-amazon.com/images/I/41Qlfdjpa1L._SL500_.jpg" alt="Product Image"></a><p>TUG 360° Tangle-Free Retractable Dog Leash | 16 ft Strong Nylon Tape | One-Handed Brake, Pause, Lock (Medium, White)</p><p> -12% 0FF </p><p>$18.99</p><a href="https://www.amazon.com/dp/B076F7HM8T?tag=eloabder-20&linkCode=osi&th=1&psc=1">View Product</a></div><div class="product"><a href="https://www.amazon.com/dp/B095C8RXSH?tag=eloabder-20&linkCode=osi&th=1&psc=1"><img src="https://m.media-amazon.com/images/I/518Mz7ChiHL._SL500_.jpg" alt="Product Image"></a><p>Taglory Rope Dog Leash 6 FT with Comfortable Padded Handle, Highly Reflective Threads Leash for Medium Large Dogs, 1/2 inch, Hotpink</p><p> -36% 0FF </p><p>$9.99 ($9.99 / count)</p><a href="https://www.amazon.com/dp/B095C8RXSH?tag=eloabder-20&linkCode=osi&th=1&psc=1">View Product</a></div><div class="product"><a href="https://www.amazon.com/dp/B078SLM45M?tag=eloabder-20&linkCode=osi&th=1&psc=1"><img src="https://m.media-amazon.com/images/I/41cyg8ILTTL._SL500_.jpg" alt="Product Image"></a><p>TUG 360° Tangle-Free Retractable Dog Leash | 16 ft Strong Nylon Tape | One-Handed Brake, Pause, Lock (Large, White)</p><p> -14% 0FF </p><p>$21.99</p><a href="https://www.amazon.com/dp/B078SLM45M?tag=eloabder-20&linkCode=osi&th=1&psc=1">View Product</a></div>

<div class="product"><a href="https://www.amazon.com/dp/B09K8YYVWV?tag=eloabder-20&linkCode=osi&th=1&psc=1"><img src="https://m.media-amazon.com/images/I/4123dxF1ijL._SL500_.jpg" alt="Product Image"></a><p>Blue Buffalo Life Protection Formula Natural Adult Dry Dog Food, Chicken and Brown Rice 5-lb Trial Size Bag</p><p> -17% 0FF </p><p>$14.98 ($3.00 / lb)</p><a href="https://www.amazon.com/dp/B09K8YYVWV?tag=eloabder-20&linkCode=osi&th=1&psc=1">View Product</a></div><div class="product"><a href="https://www.amazon.com/dp/B0000AH3QT?tag=eloabder-20&linkCode=osi&th=1&psc=1"><img src="https://m.media-amazon.com/images/I/41FXHOzdCWL._SL500_.jpg" alt="Product Image"></a><p>Purina ONE Chicken and Rice Formula Dry Dog Food - 8 lb. Bag</p><p> -9% 0FF </p><p>$16.28 ($2.04 / lb)</p><a href="https://www.amazon.com/dp/B0000AH3QT?tag=eloabder-20&linkCode=osi&th=1&psc=1">View Product</a></div><div class="product"><a href="https://www.amazon.com/dp/B09K9FDLFN?tag=eloabder-20&linkCode=osi&th=1&psc=1"><img src="https://m.media-amazon.com/images/I/41fn4P3zY0L._SL500_.jpg" alt="Product Image"></a><p>Blue Buffalo Life Protection Formula Natural Adult Small Breed Dry Dog Food, Chicken and Brown Rice 5-lb Trial Size Bag</p><p> -13% 0FF </p><p>$17.48 ($3.50 / lb)</p><a href="https://www.amazon.com/dp/B09K9FDLFN?tag=eloabder-20&linkCode=osi&th=1&psc=1">View Product</a></div><div class="product"><a href="https://www.amazon.com/dp/B009IOCCD2?tag=eloabder-20&linkCode=osi&th=1&psc=1"><img src="https://m.media-amazon.com/images/I/41hzdgAAhmL._SL500_.jpg" alt="Product Image"></a><p>Purina ONE Dry Dog Food Lamb and Rice Formula - 31.1 lb. Bag</p><p> -17% 0FF </p><p>$48.98 ($1.57 / lb)</p><a href="https://www.amazon.com/dp/B009IOCCD2?tag=eloabder-20&linkCode=osi&th=1&psc=1">View Product</a></div><div class="product"><a href="https://www.amazon.com/dp/B06WGLV27L?tag=eloabder-20&linkCode=osi&th=1&psc=1"><img src="https://m.media-amazon.com/images/I/41+bgu7zfAL._SL500_.jpg" alt="Product Image"></a><p>Nutrish Dry Dog Food, Real Beef, Pea & Brown Rice Recipe Whole Health Blend for Adult Dogs, 40 lb. Bag, Packaging May Vary (Rachael Ray)</p><p> -26% 0FF </p><p>$43.99 ($1.10 / lb)</p><a href="https://www.amazon.com/dp/B06WGLV27L?tag=eloabder-20&linkCode=osi&th=1&psc=1">View Product</a></div><div class="product"><a href="https://www.amazon.com/dp/B0009YWKUA?tag=eloabder-20&linkCode=osi&th=1&psc=1"><img src="https://m.media-amazon.com/images/I/41gZ78TZzBL._SL500_.jpg" alt="Product Image"></a><p>Blue Buffalo Life Protection Formula Adult Dry Dog Food, Helps Build and Maintain Strong Muscles, Made with Natural Ingredients, Chicken & Brown Rice Recipe, 30-lb. Bag</p><p> -11% 0FF </p><p>$66.99 ($2.23 / lb)</p><a href="https://www.amazon.com/dp/B0009YWKUA?tag=eloabder-20&linkCode=osi&th=1&psc=1">View Product</a></div><div class="product"><a href="https://www.amazon.com/dp/B0009YUGAG?tag=eloabder-20&linkCode=osi&th=1&psc=1"><img src="https://m.media-amazon.com/images/I/41s0BUVfCbL._SL500_.jpg" alt="Product Image"></a><p>Blue Buffalo Life Protection Formula Adult Dry Dog Food, Helps Build and Maintain Strong Muscles, Made with Natural Ingredients, Chicken & Brown Rice Recipe, 15-lb. Bag</p><p> -15% 0FF </p><p>$37.98 ($2.53 / lb)</p><a href="https://www.amazon.com/dp/B0009YUGAG?tag=eloabder-20&linkCode=osi&th=1&psc=1">View Product</a></div>
<div class="product"><a href="https://www.amazon.com/dp/B0BFPJJTR9?tag=eloabder-20&linkCode=osi&th=1&psc=1"><img src="https://m.media-amazon.com/images/I/511o77BB+6L._SL500_.jpg" alt="Product Image"></a><p>Joytale Dog Leash for Large Dogs, Heavy Duty Nylon Leashes with Comfortable Padded Handle and Highly Reflective Threads, Ideal for Walking and Training, Black, 6'×1/2''</p><p> -10% 0FF </p><p>$7.19</p><a href="https://www.amazon.com/dp/B0BFPJJTR9?tag=eloabder-20&linkCode=osi&th=1&psc=1">View Product</a></div><div class="product"><a href="https://www.amazon.com/dp/B076F7HM8T?tag=eloabder-20&linkCode=osi&th=1&psc=1"><img src="https://m.media-amazon.com/images/I/41Qlfdjpa1L._SL500_.jpg" alt="Product Image"></a><p>TUG 360° Tangle-Free Retractable Dog Leash | 16 ft Strong Nylon Tape | One-Handed Brake, Pause, Lock (Medium, White)</p><p> -12% 0FF </p><p>$18.99</p><a href="https://www.amazon.com/dp/B076F7HM8T?tag=eloabder-20&linkCode=osi&th=1&psc=1">View Product</a></div><div class="product"><a href="https://www.amazon.com/dp/B095C8RXSH?tag=eloabder-20&linkCode=osi&th=1&psc=1"><img src="https://m.media-amazon.com/images/I/518Mz7ChiHL._SL500_.jpg" alt="Product Image"></a><p>Taglory Rope Dog Leash 6 FT with Comfortable Padded Handle, Highly Reflective Threads Leash for Medium Large Dogs, 1/2 inch, Hotpink</p><p> -36% 0FF </p><p>$9.99 ($9.99 / count)</p><a href="https://www.amazon.com/dp/B095C8RXSH?tag=eloabder-20&linkCode=osi&th=1&psc=1">View Product</a></div><div class="product"><a href="https://www.amazon.com/dp/B078SLM45M?tag=eloabder-20&linkCode=osi&th=1&psc=1"><img src="https://m.media-amazon.com/images/I/41cyg8ILTTL._SL500_.jpg" alt="Product Image"></a><p>TUG 360° Tangle-Free Retractable Dog Leash | 16 ft Strong Nylon Tape | One-Handed Brake, Pause, Lock (Large, White)</p><p> -14% 0FF </p><p>$21.99</p><a href="https://www.amazon.com/dp/B078SLM45M?tag=eloabder-20&linkCode=osi&th=1&psc=1">View Product</a></div>
<div class="product"><a href="https://www.amazon.com/dp/B0DGL4H82X?tag=eloabder-20&linkCode=osi&th=1&psc=1"><img src="https://m.media-amazon.com/images/I/51pDCCmAQNL._SL500_.jpg" alt="Product Image"></a><p>Halypet Cat Harness and Leash Set [MAX Safety 4th-Gen Upgrade] Escape Proof Adjustable Cat Leash Comfortable Soft Vest Easy to Wear Kitten Harness with Reflective Strip for Cats Walking, M Black</p><p> -28% 0FF </p><p>$10.79</p><a href="https://www.amazon.com/dp/B0DGL4H82X?tag=eloabder-20&linkCode=osi&th=1&psc=1">View Product</a></div><div class="product"><a href="https://www.amazon.com/dp/B000OGRDK0?tag=eloabder-20&linkCode=osi&th=1&psc=1"><img src="https://m.media-amazon.com/images/I/31tfSFnHwmL._SL500_.jpg" alt="Product Image"></a><p>PetSafe Nylon Leash - Chew-Resistant Cat & Dog Behavioral Training Leash - Compatible with Easy-Walk Harness - Traditional-Style Reliable Pet Lead with a Padded Hand Wrap - 3/8" x 6' - Black</p><p> -15% 0FF </p><p>$4.24</p><a href="https://www.amazon.com/dp/B000OGRDK0?tag=eloabder-20&linkCode=osi&th=1&psc=1">View Product</a></div><div class="product"><a href="https://www.amazon.com/dp/B0DGL21M78?tag=eloabder-20&linkCode=osi&th=1&psc=1"><img src="https://m.media-amazon.com/images/I/51pDCCmAQNL._SL500_.jpg" alt="Product Image"></a><p>Halypet Cat Harness and Leash Set - MAX Safety 4th-Gen Upgrade, Escape Proof, Adjustable, Comfortable Soft Vest, Easy to Wear Kitten Harness with Reflective Strip for Cats Walking - Small Black</p><p> -25% 0FF </p><p>$11.24</p><a href="https://www.amazon.com/dp/B0DGL21M78?tag=eloabder-20&linkCode=osi&th=1&psc=1">View Product</a></div>

<div class="product"><a href="https://www.amazon.com/dp/B0CGZ7N7J4?tag=eloabder-20&linkCode=osi&th=1&psc=1"><img src="https://m.media-amazon.com/images/I/41dGghK+AoL._SL500_.jpg" alt="Product Image"></a><p>Dokotoo Men Mens Fashion Sweatshirts Fall Winter Clothes Long Sleeve Lightweight Thin Shirt Geometric Texture Dressy Crewneck Pullover Sweaters Brown X-Large</p><p> -11% 0FF </p><p>$19.99</p><a href="https://www.amazon.com/dp/B0CGZ7N7J4?tag=eloabder-20&linkCode=osi&th=1&psc=1">View Product</a></div><div class="product"><a href="https://www.amazon.com/dp/B0D4DG71YH?tag=eloabder-20&linkCode=osi&th=1&psc=1"><img src="https://m.media-amazon.com/images/I/41KS7EqUoGL._SL500_.jpg" alt="Product Image"></a><p>JMIERR Men Sweatshirts Front Collar Comfy Simple Plain Long Sleeve Drawstring Hoodies for Men with Pocket Pullover Casual Fashion Winter Autumn Shirt Big and Tall Sweater, US60(5XL), Khaki</p><p> -14% 0FF </p><p>$29.99</p><a href="https://www.amazon.com/dp/B0D4DG71YH?tag=eloabder-20&linkCode=osi&th=1&psc=1">View Product</a></div>

<div class="product"><a href="https://www.amazon.com/dp/B00ACIGNMY?tag=eloabder-20&linkCode=osi&th=1&psc=1"><img src="https://m.media-amazon.com/images/I/41Je9e62ioL._SL500_.jpg" alt="Product Image"></a><p>Hanes Mens Tagless Briefs, Soft Moisture Wicking Underwear, 7-pack Briefs-underwear, Gray/Black - 7 Pack, Large US</p><p> -43% 0FF </p><p>$24.00</p><a href="https://www.amazon.com/dp/B00ACIGNMY?tag=eloabder-20&linkCode=osi&th=1&psc=1">View Product</a></div><div class="product"><a href="https://www.amazon.com/dp/B00L6TPSHY?tag=eloabder-20&linkCode=osi&th=1&psc=1"><img src="https://m.media-amazon.com/images/I/41mJ+iLWkdL._SL500_.jpg" alt="Product Image"></a><p>Hanes Men's 6-Pack Tagless No Ride Up Briefs with ComfortSoft Waistband, Assorted, Medium</p><p> -10% 0FF </p><p>$17.98</p><a href="https://www.amazon.com/dp/B00L6TPSHY?tag=eloabder-20&linkCode=osi&th=1&psc=1">View Product</a></div><div class="product"><a href="https://www.amazon.com/dp/B07814714H?tag=eloabder-20&linkCode=osi&th=1&psc=1"><img src="https://m.media-amazon.com/images/I/416IVo-7aSL._SL500_.jpg" alt="Product Image"></a><p>Gildan Men's Underwear Covered Waistband Boxer Briefs, Multipack, Mixed Garnet (5-Pack), Large</p><p> -27% 0FF </p><p>$13.09</p><a href="https://www.amazon.com/dp/B07814714H?tag=eloabder-20&linkCode=osi&th=1&psc=1">View Product</a></div>
<div class="product"><a href="https://www.amazon.com/dp/B07FTGY1XR?tag=eloabder-20&linkCode=osi&th=1&psc=1"><img src="https://m.media-amazon.com/images/I/41yHcW15a8L._SL500_.jpg" alt="Product Image"></a><p>NORTIV 8 Men's Insulated Waterproof Construction Hiking Winter Snow Boots,Size 10.5,Black/1,TUNDRA</p><p> -10% 0FF </p><p>$43.19</p><a href="https://www.amazon.com/dp/B07FTGY1XR?tag=eloabder-20&linkCode=osi&th=1&psc=1">View Product</a></div>
<div class="product"><a href="https://www.amazon.com/dp/B0B2JCJ6ZD?tag=eloabder-20&linkCode=osi&th=1&psc=1"><img src="https://m.media-amazon.com/images/I/41VdGeYGPxL._SL500_.jpg" alt="Product Image"></a><p>Bruno Marc Men's Casual Dress Sneaker Shoes, Business Formal Derby Plain Toe Oxfords Crossflex GentEdge,Size 11,Brown,SBOX223M</p><p> -21% 0FF </p><p>$36.54</p><a href="https://www.amazon.com/dp/B0B2JCJ6ZD?tag=eloabder-20&linkCode=osi&th=1&psc=1">View Product</a></div><div class="product"><a href="https://www.amazon.com/dp/B06XC8ZR39?tag=eloabder-20&linkCode=osi&th=1&psc=1"><img src="https://m.media-amazon.com/images/I/41zZ6LIDM7L._SL500_.jpg" alt="Product Image"></a><p>Bruno Marc Men's Dress Oxford Shoes Classic Lace Up Formal Shoes,Size 10.5,Black,DOWNING-02</p><p> -29% 0FF </p><p>$39.99</p><a href="https://www.amazon.com/dp/B06XC8ZR39?tag=eloabder-20&linkCode=osi&th=1&psc=1">View Product</a></div><div class="product"><a href="https://www.amazon.com/dp/B00SMJO8S6?tag=eloabder-20&linkCode=osi&th=1&psc=1"><img src="https://m.media-amazon.com/images/I/315NtaJJD+L._SL500_.jpg" alt="Product Image"></a><p>Clarks Men's Tilden Cap Oxford, Black Leather, 10</p><p> -20% 0FF </p><p>$72.00</p><a href="https://www.amazon.com/dp/B00SMJO8S6?tag=eloabder-20&linkCode=osi&th=1&psc=1">View Product</a></div><div class="product"><a href="https://www.amazon.com/dp/B0D7P3YQ41?tag=eloabder-20&linkCode=osi&th=1&psc=1"><img src="https://m.media-amazon.com/images/I/41HxmcfcX2L._SL500_.jpg" alt="Product Image"></a><p>Bruno Marc Men's MaxFlex Dress Sneakers Oxfords Casual Wingtip Brogue Shoes,Size 11,All Black,SBOX2326M</p><p> -15% 0FF </p><p>$39.09</p><a href="https://www.amazon.com/dp/B0D7P3YQ41?tag=eloabder-20&linkCode=osi&th=1&psc=1">View Product</a></div><div class="product"><a href="https://www.amazon.com/dp/B0007TQ9PY?tag=eloabder-20&linkCode=osi&th=1&psc=1"><img src="https://m.media-amazon.com/images/I/31CtT3W-TML._SL500_.jpg" alt="Product Image"></a><p>Dockers Men’s Gordon Leather Oxford Dress Shoe,Black,10.5 M US</p><p> -47% 0FF </p><p>$45.38</p><a href="https://www.amazon.com/dp/B0007TQ9PY?tag=eloabder-20&linkCode=osi&th=1&psc=1">View Product</a></div><div class="product"><a href="https://www.amazon.com/dp/B0BNWBCKG8?tag=eloabder-20&linkCode=osi&th=1&psc=1"><img src="https://m.media-amazon.com/images/I/31pDIP6AqsL._SL500_.jpg" alt="Product Image"></a><p>Clarks Collection Men's Whiddon Cap Oxford, Mahogany Leather, 7.5 Medium US</p><p> -20% 0FF </p><p>$76.00</p><a href="https://www.amazon.com/dp/B0BNWBCKG8?tag=eloabder-20&linkCode=osi&th=1&psc=1">View Product</a></div><div class="product"><a href="https://www.amazon.com/dp/B01MQVSJVP?tag=eloabder-20&linkCode=osi&th=1&psc=1"><img src="https://m.media-amazon.com/images/I/41nrqB4TeJL._SL500_.jpg" alt="Product Image"></a><p>Cole Haan Men's 2.Zerogrand Laser Wingtip Oxford, British tan/Java, 12</p><p> -17% 0FF </p><p>$139.95</p><a href="https://www.amazon.com/dp/B01MQVSJVP?tag=eloabder-20&linkCode=osi&th=1&psc=1">View Product</a></div><div class="product"><a href="https://www.amazon.com/dp/B01KAU0GZ8?tag=eloabder-20&linkCode=osi&th=1&psc=1"><img src="https://m.media-amazon.com/images/I/415oCa6tRWL._SL500_.jpg" alt="Product Image"></a><p>Bruno Marc Men's Leather Lined Dress Oxfords Shoes,Size 10.5,Brown,PRINCE-16</p><p> -28% 0FF </p><p>$37.99</p><a href="https://www.amazon.com/dp/B01KAU0GZ8?tag=eloabder-20&linkCode=osi&th=1&psc=1">View Product</a></div><div class="product"><a href="https://www.amazon.com/dp/B07TS4PZG1?tag=eloabder-20&linkCode=osi&th=1&psc=1"><img src="https://m.media-amazon.com/images/I/31l3YUpsjbL._SL500_.jpg" alt="Product Image"></a><p>Dr. Scholl's Men's Sync Plain Toe Dress Casual Oxford, Dark Brown Fearless, 9.5 Wide US</p><p> -32% 0FF </p><p>$65.00</p><a href="https://www.amazon.com/dp/B07TS4PZG1?tag=eloabder-20&linkCode=osi&th=1&psc=1">View Product</a></div>

<div class="product"><a href="https://www.amazon.com/dp/B09K8YYVWV?tag=eloabder-20&linkCode=osi&th=1&psc=1"><img src="https://m.media-amazon.com/images/I/4123dxF1ijL._SL500_.jpg" alt="Product Image"></a><p>Blue Buffalo Life Protection Formula Natural Adult Dry Dog Food, Chicken and Brown Rice 5-lb Trial Size Bag</p><p> -17% 0FF </p><p>$14.98 ($3.00 / lb)</p><a href="https://www.amazon.com/dp/B09K8YYVWV?tag=eloabder-20&linkCode=osi&th=1&psc=1">View Product</a></div><div class="product"><a href="https://www.amazon.com/dp/B0000AH3QT?tag=eloabder-20&linkCode=osi&th=1&psc=1"><img src="https://m.media-amazon.com/images/I/41FXHOzdCWL._SL500_.jpg" alt="Product Image"></a><p>Purina ONE Chicken and Rice Formula Dry Dog Food - 8 lb. Bag</p><p> -9% 0FF </p><p>$16.28 ($2.04 / lb)</p><a href="https://www.amazon.com/dp/B0000AH3QT?tag=eloabder-20&linkCode=osi&th=1&psc=1">View Product</a></div><div class="product"><a href="https://www.amazon.com/dp/B09K9FDLFN?tag=eloabder-20&linkCode=osi&th=1&psc=1"><img src="https://m.media-amazon.com/images/I/41fn4P3zY0L._SL500_.jpg" alt="Product Image"></a><p>Blue Buffalo Life Protection Formula Natural Adult Small Breed Dry Dog Food, Chicken and Brown Rice 5-lb Trial Size Bag</p><p> -13% 0FF </p><p>$17.48 ($3.50 / lb)</p><a href="https://www.amazon.com/dp/B09K9FDLFN?tag=eloabder-20&linkCode=osi&th=1&psc=1">View Product</a></div><div class="product"><a href="https://www.amazon.com/dp/B009IOCCD2?tag=eloabder-20&linkCode=osi&th=1&psc=1"><img src="https://m.media-amazon.com/images/I/41hzdgAAhmL._SL500_.jpg" alt="Product Image"></a><p>Purina ONE Dry Dog Food Lamb and Rice Formula - 31.1 lb. Bag</p><p> -17% 0FF </p><p>$48.98 ($1.57 / lb)</p><a href="https://www.amazon.com/dp/B009IOCCD2?tag=eloabder-20&linkCode=osi&th=1&psc=1">View Product</a></div><div class="product"><a href="https://www.amazon.com/dp/B06WGLV27L?tag=eloabder-20&linkCode=osi&th=1&psc=1"><img src="https://m.media-amazon.com/images/I/41+bgu7zfAL._SL500_.jpg" alt="Product Image"></a><p>Nutrish Dry Dog Food, Real Beef, Pea & Brown Rice Recipe Whole Health Blend for Adult Dogs, 40 lb. Bag, Packaging May Vary (Rachael Ray)</p><p> -26% 0FF </p><p>$43.99 ($1.10 / lb)</p><a href="https://www.amazon.com/dp/B06WGLV27L?tag=eloabder-20&linkCode=osi&th=1&psc=1">View Product</a></div><div class="product"><a href="https://www.amazon.com/dp/B0009YWKUA?tag=eloabder-20&linkCode=osi&th=1&psc=1"><img src="https://m.media-amazon.com/images/I/41gZ78TZzBL._SL500_.jpg" alt="Product Image"></a><p>Blue Buffalo Life Protection Formula Adult Dry Dog Food, Helps Build and Maintain Strong Muscles, Made with Natural Ingredients, Chicken & Brown Rice Recipe, 30-lb. Bag</p><p> -11% 0FF </p><p>$66.99 ($2.23 / lb)</p><a href="https://www.amazon.com/dp/B0009YWKUA?tag=eloabder-20&linkCode=osi&th=1&psc=1">View Product</a></div><div class="product"><a href="https://www.amazon.com/dp/B0009YUGAG?tag=eloabder-20&linkCode=osi&th=1&psc=1"><img src="https://m.media-amazon.com/images/I/41s0BUVfCbL._SL500_.jpg" alt="Product Image"></a><p>Blue Buffalo Life Protection Formula Adult Dry Dog Food, Helps Build and Maintain Strong Muscles, Made with Natural Ingredients, Chicken & Brown Rice Recipe, 15-lb. Bag</p><p> -15% 0FF </p><p>$37.98 ($2.53 / lb)</p><a href="https://www.amazon.com/dp/B0009YUGAG?tag=eloabder-20&linkCode=osi&th=1&psc=1">View Product</a></div>
<div class="product"><a href="https://www.amazon.com/dp/B0BFPJJTR9?tag=eloabder-20&linkCode=osi&th=1&psc=1"><img src="https://m.media-amazon.com/images/I/511o77BB+6L._SL500_.jpg" alt="Product Image"></a><p>Joytale Dog Leash for Large Dogs, Heavy Duty Nylon Leashes with Comfortable Padded Handle and Highly Reflective Threads, Ideal for Walking and Training, Black, 6'×1/2''</p><p> -10% 0FF </p><p>$7.19</p><a href="https://www.amazon.com/dp/B0BFPJJTR9?tag=eloabder-20&linkCode=osi&th=1&psc=1">View Product</a></div><div class="product"><a href="https://www.amazon.com/dp/B076F7HM8T?tag=eloabder-20&linkCode=osi&th=1&psc=1"><img src="https://m.media-amazon.com/images/I/41Qlfdjpa1L._SL500_.jpg" alt="Product Image"></a><p>TUG 360° Tangle-Free Retractable Dog Leash | 16 ft Strong Nylon Tape | One-Handed Brake, Pause, Lock (Medium, White)</p><p> -12% 0FF </p><p>$18.99</p><a href="https://www.amazon.com/dp/B076F7HM8T?tag=eloabder-20&linkCode=osi&th=1&psc=1">View Product</a></div><div class="product"><a href="https://www.amazon.com/dp/B095C8RXSH?tag=eloabder-20&linkCode=osi&th=1&psc=1"><img src="https://m.media-amazon.com/images/I/518Mz7ChiHL._SL500_.jpg" alt="Product Image"></a><p>Taglory Rope Dog Leash 6 FT with Comfortable Padded Handle, Highly Reflective Threads Leash for Medium Large Dogs, 1/2 inch, Hotpink</p><p> -36% 0FF </p><p>$9.99 ($9.99 / count)</p><a href="https://www.amazon.com/dp/B095C8RXSH?tag=eloabder-20&linkCode=osi&th=1&psc=1">View Product</a></div><div class="product"><a href="https://www.amazon.com/dp/B078SLM45M?tag=eloabder-20&linkCode=osi&th=1&psc=1"><img src="https://m.media-amazon.com/images/I/41cyg8ILTTL._SL500_.jpg" alt="Product Image"></a><p>TUG 360° Tangle-Free Retractable Dog Leash | 16 ft Strong Nylon Tape | One-Handed Brake, Pause, Lock (Large, White)</p><p> -14% 0FF </p><p>$21.99</p><a href="https://www.amazon.com/dp/B078SLM45M?tag=eloabder-20&linkCode=osi&th=1&psc=1">View Product</a></div>
<div class="product"><a href="https://www.amazon.com/dp/B0DGL4H82X?tag=eloabder-20&linkCode=osi&th=1&psc=1"><img src="https://m.media-amazon.com/images/I/51pDCCmAQNL._SL500_.jpg" alt="Product Image"></a><p>Halypet Cat Harness and Leash Set [MAX Safety 4th-Gen Upgrade] Escape Proof Adjustable Cat Leash Comfortable Soft Vest Easy to Wear Kitten Harness with Reflective Strip for Cats Walking, M Black</p><p> -28% 0FF </p><p>$10.79</p><a href="https://www.amazon.com/dp/B0DGL4H82X?tag=eloabder-20&linkCode=osi&th=1&psc=1">View Product</a></div><div class="product"><a href="https://www.amazon.com/dp/B000OGRDK0?tag=eloabder-20&linkCode=osi&th=1&psc=1"><img src="https://m.media-amazon.com/images/I/31tfSFnHwmL._SL500_.jpg" alt="Product Image"></a><p>PetSafe Nylon Leash - Chew-Resistant Cat & Dog Behavioral Training Leash - Compatible with Easy-Walk Harness - Traditional-Style Reliable Pet Lead with a Padded Hand Wrap - 3/8" x 6' - Black</p><p> -15% 0FF </p><p>$4.24</p><a href="https://www.amazon.com/dp/B000OGRDK0?tag=eloabder-20&linkCode=osi&th=1&psc=1">View Product</a></div><div class="product"><a href="https://www.amazon.com/dp/B0DGL21M78?tag=eloabder-20&linkCode=osi&th=1&psc=1"><img src="https://m.media-amazon.com/images/I/51pDCCmAQNL._SL500_.jpg" alt="Product Image"></a><p>Halypet Cat Harness and Leash Set - MAX Safety 4th-Gen Upgrade, Escape Proof, Adjustable, Comfortable Soft Vest, Easy to Wear Kitten Harness with Reflective Strip for Cats Walking - Small Black</p><p> -25% 0FF </p><p>$11.24</p><a href="https://www.amazon.com/dp/B0DGL21M78?tag=eloabder-20&linkCode=osi&th=1&psc=1">View Product</a></div>
<div class="product"><a href="https://www.amazon.com/dp/B08CCG96FR?tag=eloabder-20&linkCode=osi&th=1&psc=1"><img src="https://m.media-amazon.com/images/I/519rYYNcfDL._SL500_.jpg" alt="Product Image"></a><p>Best Pet Supplies Voyager Step-in Air Harness - All Weather Mesh, Reflective, No Pull Harness for Dogs, Cats - Secure with Hook & Loop Fastener, Buckle, Double D-Rings - Fuchsia, S</p><p> -39% 0FF </p><p>$9.07</p><a href="https://www.amazon.com/dp/B08CCG96FR?tag=eloabder-20&linkCode=osi&th=1&psc=1">View Product</a></div><div class="product"><a href="https://www.amazon.com/dp/B0F134YP3R?tag=eloabder-20&linkCode=osi&th=1&psc=1"><img src="https://m.media-amazon.com/images/I/41WVEg4wn7L._SL500_.jpg" alt="Product Image"></a><p>Bruvoalon Heavy-Duty Tactical Dog Harness for Large Dogs, No Pull Adjustable Reflective K9 Vest with Molle System, 12 Colors & 4 Sizes, Military-Grade Control for Training, Outdoor & 10+ Breeds</p><p> -24% 0FF </p><p>$15.19</p><a href="https://www.amazon.com/dp/B0F134YP3R?tag=eloabder-20&linkCode=osi&th=1&psc=1">View Product</a></div><div class="product"><a href="https://www.amazon.com/dp/B0DGXJWK9J?tag=eloabder-20&linkCode=osi&th=1&psc=1"><img src="https://m.media-amazon.com/images/I/51mncolU3aL._SL500_.jpg" alt="Product Image"></a><p>SlowTon No Pull Dog Harness - Heavy Duty Dog Harness and Leash Set for Medium Large Dogs, Reflective Tactical Harness with Soft Padded and Front Clip for Easy Walk and Training (Black L)</p><p> -13% 0FF </p><p>$19.99</p><a href="https://www.amazon.com/dp/B0DGXJWK9J?tag=eloabder-20&linkCode=osi&th=1&psc=1">View Product</a></div><div class="product"><a href="https://www.amazon.com/dp/B0DRJYND78?tag=eloabder-20&linkCode=osi&th=1&psc=1"><img src="https://m.media-amazon.com/images/I/41NZVoj8wjL._SL500_.jpg" alt="Product Image"></a><p>Wisedog Reflective No Pull Dog Harness - Adjustable Lightweight Pet Vest with 3 Fast-Release Buckles for Dogs Walking, Running and Training(M, Orange)</p><p> -50% 0FF </p><p>$5.59</p><a href="https://www.amazon.com/dp/B0DRJYND78?tag=eloabder-20&linkCode=osi&th=1&psc=1">View Product</a></div><div class="product"><a href="https://www.amazon.com/dp/B0FFV1QZVJ?tag=eloabder-20&linkCode=osi&th=1&psc=1"><img src="https://m.media-amazon.com/images/I/41BPzHU2wsL._SL500_.jpg" alt="Product Image"></a><p>PWOD No Pull Dog Harness with 2 Leash Clips, Reflective Adjustable Soft Padded Vest with Handle, Breathable Oxford No Choke Pet Vest for Large Dogs, Black,L</p><p> -30% 0FF </p><p>$13.99</p><a href="https://www.amazon.com/dp/B0FFV1QZVJ?tag=eloabder-20&linkCode=osi&th=1&psc=1">View Product</a></div><div class="product"><a href="https://www.amazon.com/dp/B0792XS9B1?tag=eloabder-20&linkCode=osi&th=1&psc=1"><img src="https://m.media-amazon.com/images/I/510eqOLi1TL._SL500_.jpg" alt="Product Image"></a><p>PoyPet No Pull Dog Harness, No Choke Front Lead Dog Reflective Harness, Adjustable Soft Padded Pet Vest with Easy Control Handle for Small to Large Dogs(Pink, Medium)</p><p> -11% 0FF </p><p>$11.99 ($11.99 / count)</p><a href="https://www.amazon.com/dp/B0792XS9B1?tag=eloabder-20&linkCode=osi&th=1&psc=1">View Product</a></div>

<div class="product"><a href="https://www.amazon.com/dp/B0CGZ7N7J4?tag=eloabder-20&linkCode=osi&th=1&psc=1"><img src="https://m.media-amazon.com/images/I/41dGghK+AoL._SL500_.jpg" alt="Product Image"></a><p>Dokotoo Men Mens Fashion Sweatshirts Fall Winter Clothes Long Sleeve Lightweight Thin Shirt Geometric Texture Dressy Crewneck Pullover Sweaters Brown X-Large</p><p> -11% 0FF </p><p>$19.99</p><a href="https://www.amazon.com/dp/B0CGZ7N7J4?tag=eloabder-20&linkCode=osi&th=1&psc=1">View Product</a></div><div class="product"><a href="https://www.amazon.com/dp/B0D4DG71YH?tag=eloabder-20&linkCode=osi&th=1&psc=1"><img src="https://m.media-amazon.com/images/I/41KS7EqUoGL._SL500_.jpg" alt="Product Image"></a><p>JMIERR Men Sweatshirts Front Collar Comfy Simple Plain Long Sleeve Drawstring Hoodies for Men with Pocket Pullover Casual Fashion Winter Autumn Shirt Big and Tall Sweater, US60(5XL), Khaki</p><p> -14% 0FF </p><p>$29.99</p><a href="https://www.amazon.com/dp/B0D4DG71YH?tag=eloabder-20&linkCode=osi&th=1&psc=1">View Product</a></div>

<div class="product"><a href="https://www.amazon.com/dp/B00ACIGNMY?tag=eloabder-20&linkCode=osi&th=1&psc=1"><img src="https://m.media-amazon.com/images/I/41Je9e62ioL._SL500_.jpg" alt="Product Image"></a><p>Hanes Mens Tagless Briefs, Soft Moisture Wicking Underwear, 7-pack Briefs-underwear, Gray/Black - 7 Pack, Large US</p><p> -43% 0FF </p><p>$24.00</p><a href="https://www.amazon.com/dp/B00ACIGNMY?tag=eloabder-20&linkCode=osi&th=1&psc=1">View Product</a></div><div class="product"><a href="https://www.amazon.com/dp/B00L6TPSHY?tag=eloabder-20&linkCode=osi&th=1&psc=1"><img src="https://m.media-amazon.com/images/I/41mJ+iLWkdL._SL500_.jpg" alt="Product Image"></a><p>Hanes Men's 6-Pack Tagless No Ride Up Briefs with ComfortSoft Waistband, Assorted, Medium</p><p> -10% 0FF </p><p>$17.98</p><a href="https://www.amazon.com/dp/B00L6TPSHY?tag=eloabder-20&linkCode=osi&th=1&psc=1">View Product</a></div><div class="product"><a href="https://www.amazon.com/dp/B07814714H?tag=eloabder-20&linkCode=osi&th=1&psc=1"><img src="https://m.media-amazon.com/images/I/416IVo-7aSL._SL500_.jpg" alt="Product Image"></a><p>Gildan Men's Underwear Covered Waistband Boxer Briefs, Multipack, Mixed Garnet (5-Pack), Large</p><p> -27% 0FF </p><p>$13.09</p><a href="https://www.amazon.com/dp/B07814714H?tag=eloabder-20&linkCode=osi&th=1&psc=1">View Product</a></div>
<div class="product"><a href="https://www.amazon.com/dp/B07FTGY1XR?tag=eloabder-20&linkCode=osi&th=1&psc=1"><img src="https://m.media-amazon.com/images/I/41yHcW15a8L._SL500_.jpg" alt="Product Image"></a><p>NORTIV 8 Men's Insulated Waterproof Construction Hiking Winter Snow Boots,Size 10.5,Black/1,TUNDRA</p><p> -10% 0FF </p><p>$43.19</p><a href="https://www.amazon.com/dp/B07FTGY1XR?tag=eloabder-20&linkCode=osi&th=1&psc=1">View Product</a></div>
<div class="product"><a href="https://www.amazon.com/dp/B0B2JCJ6ZD?tag=eloabder-20&linkCode=osi&th=1&psc=1"><img src="https://m.media-amazon.com/images/I/41VdGeYGPxL._SL500_.jpg" alt="Product Image"></a><p>Bruno Marc Men's Casual Dress Sneaker Shoes, Business Formal Derby Plain Toe Oxfords Crossflex GentEdge,Size 11,Brown,SBOX223M</p><p> -21% 0FF </p><p>$36.54</p><a href="https://www.amazon.com/dp/B0B2JCJ6ZD?tag=eloabder-20&linkCode=osi&th=1&psc=1">View Product</a></div><div class="product"><a href="https://www.amazon.com/dp/B06XC8ZR39?tag=eloabder-20&linkCode=osi&th=1&psc=1"><img src="https://m.media-amazon.com/images/I/41zZ6LIDM7L._SL500_.jpg" alt="Product Image"></a><p>Bruno Marc Men's Dress Oxford Shoes Classic Lace Up Formal Shoes,Size 10.5,Black,DOWNING-02</p><p> -29% 0FF </p><p>$39.99</p><a href="https://www.amazon.com/dp/B06XC8ZR39?tag=eloabder-20&linkCode=osi&th=1&psc=1">View Product</a></div><div class="product"><a href="https://www.amazon.com/dp/B00SMJO8S6?tag=eloabder-20&linkCode=osi&th=1&psc=1"><img src="https://m.media-amazon.com/images/I/315NtaJJD+L._SL500_.jpg" alt="Product Image"></a><p>Clarks Men's Tilden Cap Oxford, Black Leather, 10</p><p> -20% 0FF </p><p>$72.00</p><a href="https://www.amazon.com/dp/B00SMJO8S6?tag=eloabder-20&linkCode=osi&th=1&psc=1">View Product</a></div><div class="product"><a href="https://www.amazon.com/dp/B0D7P3YQ41?tag=eloabder-20&linkCode=osi&th=1&psc=1"><img src="https://m.media-amazon.com/images/I/41HxmcfcX2L._SL500_.jpg" alt="Product Image"></a><p>Bruno Marc Men's MaxFlex Dress Sneakers Oxfords Casual Wingtip Brogue Shoes,Size 11,All Black,SBOX2326M</p><p> -15% 0FF </p><p>$39.09</p><a href="https://www.amazon.com/dp/B0D7P3YQ41?tag=eloabder-20&linkCode=osi&th=1&psc=1">View Product</a></div><div class="product"><a href="https://www.amazon.com/dp/B0007TQ9PY?tag=eloabder-20&linkCode=osi&th=1&psc=1"><img src="https://m.media-amazon.com/images/I/31CtT3W-TML._SL500_.jpg" alt="Product Image"></a><p>Dockers Men’s Gordon Leather Oxford Dress Shoe,Black,10.5 M US</p><p> -47% 0FF </p><p>$45.38</p><a href="https://www.amazon.com/dp/B0007TQ9PY?tag=eloabder-20&linkCode=osi&th=1&psc=1">View Product</a></div><div class="product"><a href="https://www.amazon.com/dp/B0BNWBCKG8?tag=eloabder-20&linkCode=osi&th=1&psc=1"><img src="https://m.media-amazon.com/images/I/31pDIP6AqsL._SL500_.jpg" alt="Product Image"></a><p>Clarks Collection Men's Whiddon Cap Oxford, Mahogany Leather, 7.5 Medium US</p><p> -20% 0FF </p><p>$76.00</p><a href="https://www.amazon.com/dp/B0BNWBCKG8?tag=eloabder-20&linkCode=osi&th=1&psc=1">View Product</a></div><div class="product"><a href="https://www.amazon.com/dp/B01MQVSJVP?tag=eloabder-20&linkCode=osi&th=1&psc=1"><img src="https://m.media-amazon.com/images/I/41nrqB4TeJL._SL500_.jpg" alt="Product Image"></a><p>Cole Haan Men's 2.Zerogrand Laser Wingtip Oxford, British tan/Java, 12</p><p> -17% 0FF </p><p>$139.95</p><a href="https://www.amazon.com/dp/B01MQVSJVP?tag=eloabder-20&linkCode=osi&th=1&psc=1">View Product</a></div><div class="product"><a href="https://www.amazon.com/dp/B01KAU0GZ8?tag=eloabder-20&linkCode=osi&th=1&psc=1"><img src="https://m.media-amazon.com/images/I/415oCa6tRWL._SL500_.jpg" alt="Product Image"></a><p>Bruno Marc Men's Leather Lined Dress Oxfords Shoes,Size 10.5,Brown,PRINCE-16</p><p> -28% 0FF </p><p>$37.99</p><a href="https://www.amazon.com/dp/B01KAU0GZ8?tag=eloabder-20&linkCode=osi&th=1&psc=1">View Product</a></div><div class="product"><a href="https://www.amazon.com/dp/B07TS4PZG1?tag=eloabder-20&linkCode=osi&th=1&psc=1"><img src="https://m.media-amazon.com/images/I/31l3YUpsjbL._SL500_.jpg" alt="Product Image"></a><p>Dr. Scholl's Men's Sync Plain Toe Dress Casual Oxford, Dark Brown Fearless, 9.5 Wide US</p><p> -32% 0FF </p><p>$65.00</p><a href="https://www.amazon.com/dp/B07TS4PZG1?tag=eloabder-20&linkCode=osi&th=1&psc=1">View Product</a></div>
<div class="product"><a href="https://www.amazon.com/dp/B0716GJZ4F?tag=eloabder-20&linkCode=osi&th=1&psc=1"><img src="https://m.media-amazon.com/images/I/51o8iPeFUOL._SL500_.jpg" alt="Product Image"></a><p>Dockers Men's Newpage Sandal briar 10 W US</p><p> -51% 0FF </p><p>$34.48</p><a href="https://www.amazon.com/dp/B0716GJZ4F?tag=eloabder-20&linkCode=osi&th=1&psc=1">View Product</a></div><div class="product"><a href="https://www.amazon.com/dp/B09ZF3H6LN?tag=eloabder-20&linkCode=osi&th=1&psc=1"><img src="https://m.media-amazon.com/images/I/41EpoR9OprL._SL500_.jpg" alt="Product Image"></a><p>KuaiLu Men's Leather Flip Flops Arch Support Summer Beach Pool Water Thong Sandals Waterproof Rubber Walking Shoes Slip on Orthotic Casual Sport Cushioned Wide Slides Shower Slippers Brown Size 10.5</p><p> -25% 0FF </p><p>$14.99</p><a href="https://www.amazon.com/dp/B09ZF3H6LN?tag=eloabder-20&linkCode=osi&th=1&psc=1">View Product</a></div><div class="product"><a href="https://www.amazon.com/dp/B08R3GHLNH?tag=eloabder-20&linkCode=osi&th=1&psc=1"><img src="https://m.media-amazon.com/images/I/41VT1u9LgbL._SL500_.jpg" alt="Product Image"></a><p>FITORY Mens Sandals, Arch Support Slides with Adjustable Buckle Straps and Cork Footbed Brown Size 10</p><p> -45% 0FF </p><p>$27.54</p><a href="https://www.amazon.com/dp/B08R3GHLNH?tag=eloabder-20&linkCode=osi&th=1&psc=1">View Product</a></div><div class="product"><a href="https://www.amazon.com/dp/B07CZ54WT4?tag=eloabder-20&linkCode=osi&th=1&psc=1"><img src="https://m.media-amazon.com/images/I/31iUYzt74kL._SL500_.jpg" alt="Product Image"></a><p>Reef Cushion Phantom Men's Sandals Brown/tan - 11 Medium</p><p> -33% 0FF </p><p>$39.97</p><a href="https://www.amazon.com/dp/B07CZ54WT4?tag=eloabder-20&linkCode=osi&th=1&psc=1">View Product</a></div><div class="product"><a href="https://www.amazon.com/dp/B00ZUY6YZQ?tag=eloabder-20&linkCode=osi&th=1&psc=1"><img src="https://m.media-amazon.com/images/I/31G+uOysh5L._SL500_.jpg" alt="Product Image"></a><p>Reef Fanning Sandals - Men's, Black/Silver 12 M</p><p> -35% 0FF </p><p>$41.94</p><a href="https://www.amazon.com/dp/B00ZUY6YZQ?tag=eloabder-20&linkCode=osi&th=1&psc=1">View Product</a></div><div class="product"><a href="https://www.amazon.com/dp/B01M3RJ93F?tag=eloabder-20&linkCode=osi&th=1&psc=1"><img src="https://m.media-amazon.com/images/I/310dfFkW6rL._SL500_.jpg" alt="Product Image"></a><p>Dockers Men's Sunland Slide Sandal, Black, 10</p><p> -51% 0FF </p><p>$34.19</p><a href="https://www.amazon.com/dp/B01M3RJ93F?tag=eloabder-20&linkCode=osi&th=1&psc=1">View Product</a></div><div class="product"><a href="https://www.amazon.com/dp/B07X3FKWYS?tag=eloabder-20&linkCode=osi&th=1&psc=1"><img src="https://m.media-amazon.com/images/I/414ynAyoIjL._SL500_.jpg" alt="Product Image"></a><p>Jousen Men's Sandals Leather Open Toe Beach Sandal Dark Brown Outdoor Summer Sport Sandals (AMY662 Dark Brown 10)</p><p> -28% 0FF </p><p>$32.99</p><a href="https://www.amazon.com/dp/B07X3FKWYS?tag=eloabder-20&linkCode=osi&th=1&psc=1">View Product</a></div><div class="product"><a href="https://www.amazon.com/dp/B07BPZKSJZ?tag=eloabder-20&linkCode=osi&th=1&psc=1"><img src="https://m.media-amazon.com/images/I/51OgnHDzWTL._SL500_.jpg" alt="Product Image"></a><p>BINSHUN Sandals for Men Leather Hiking Sandals Athletic Walking Sports Fisherman Beach Shoes with Closed Toe</p><p> -10% 0FF </p><p>$29.87</p><a href="https://www.amazon.com/dp/B07BPZKSJZ?tag=eloabder-20&linkCode=osi&th=1&psc=1">View Product</a></div><div class="product"><a href="https://www.amazon.com/dp/B08YR1F8LQ?tag=eloabder-20&linkCode=osi&th=1&psc=1"><img src="https://m.media-amazon.com/images/I/41hSD6Adm1L._SL500_.jpg" alt="Product Image"></a><p>KuaiLu Mens Leather Sport Flip Flops Comfort Orthotic Thong Sandals with Plantar Fasciitis Arch Support for Outdoor Summer</p><p> -22% 0FF </p><p>$27.99</p><a href="https://www.amazon.com/dp/B08YR1F8LQ?tag=eloabder-20&linkCode=osi&th=1&psc=1">View Product</a></div>

<div class="product"><a href="https://www.amazon.com/dp/B09K8YYVWV?tag=eloabder-20&linkCode=osi&th=1&psc=1"><img src="https://m.media-amazon.com/images/I/4123dxF1ijL._SL500_.jpg" alt="Product Image"></a><p>Blue Buffalo Life Protection Formula Natural Adult Dry Dog Food, Chicken and Brown Rice 5-lb Trial Size Bag</p><p> -17% 0FF </p><p>$14.98 ($3.00 / lb)</p><a href="https://www.amazon.com/dp/B09K8YYVWV?tag=eloabder-20&linkCode=osi&th=1&psc=1">View Product</a></div><div class="product"><a href="https://www.amazon.com/dp/B0000AH3QT?tag=eloabder-20&linkCode=osi&th=1&psc=1"><img src="https://m.media-amazon.com/images/I/41FXHOzdCWL._SL500_.jpg" alt="Product Image"></a><p>Purina ONE Chicken and Rice Formula Dry Dog Food - 8 lb. Bag</p><p> -9% 0FF </p><p>$16.28 ($2.04 / lb)</p><a href="https://www.amazon.com/dp/B0000AH3QT?tag=eloabder-20&linkCode=osi&th=1&psc=1">View Product</a></div><div class="product"><a href="https://www.amazon.com/dp/B09K9FDLFN?tag=eloabder-20&linkCode=osi&th=1&psc=1"><img src="https://m.media-amazon.com/images/I/41fn4P3zY0L._SL500_.jpg" alt="Product Image"></a><p>Blue Buffalo Life Protection Formula Natural Adult Small Breed Dry Dog Food, Chicken and Brown Rice 5-lb Trial Size Bag</p><p> -13% 0FF </p><p>$17.48 ($3.50 / lb)</p><a href="https://www.amazon.com/dp/B09K9FDLFN?tag=eloabder-20&linkCode=osi&th=1&psc=1">View Product</a></div><div class="product"><a href="https://www.amazon.com/dp/B009IOCCD2?tag=eloabder-20&linkCode=osi&th=1&psc=1"><img src="https://m.media-amazon.com/images/I/41hzdgAAhmL._SL500_.jpg" alt="Product Image"></a><p>Purina ONE Dry Dog Food Lamb and Rice Formula - 31.1 lb. Bag</p><p> -17% 0FF </p><p>$48.98 ($1.57 / lb)</p><a href="https://www.amazon.com/dp/B009IOCCD2?tag=eloabder-20&linkCode=osi&th=1&psc=1">View Product</a></div><div class="product"><a href="https://www.amazon.com/dp/B06WGLV27L?tag=eloabder-20&linkCode=osi&th=1&psc=1"><img src="https://m.media-amazon.com/images/I/41+bgu7zfAL._SL500_.jpg" alt="Product Image"></a><p>Nutrish Dry Dog Food, Real Beef, Pea & Brown Rice Recipe Whole Health Blend for Adult Dogs, 40 lb. Bag, Packaging May Vary (Rachael Ray)</p><p> -26% 0FF </p><p>$43.99 ($1.10 / lb)</p><a href="https://www.amazon.com/dp/B06WGLV27L?tag=eloabder-20&linkCode=osi&th=1&psc=1">View Product</a></div><div class="product"><a href="https://www.amazon.com/dp/B0009YWKUA?tag=eloabder-20&linkCode=osi&th=1&psc=1"><img src="https://m.media-amazon.com/images/I/41gZ78TZzBL._SL500_.jpg" alt="Product Image"></a><p>Blue Buffalo Life Protection Formula Adult Dry Dog Food, Helps Build and Maintain Strong Muscles, Made with Natural Ingredients, Chicken & Brown Rice Recipe, 30-lb. Bag</p><p> -11% 0FF </p><p>$66.99 ($2.23 / lb)</p><a href="https://www.amazon.com/dp/B0009YWKUA?tag=eloabder-20&linkCode=osi&th=1&psc=1">View Product</a></div><div class="product"><a href="https://www.amazon.com/dp/B0009YUGAG?tag=eloabder-20&linkCode=osi&th=1&psc=1"><img src="https://m.media-amazon.com/images/I/41s0BUVfCbL._SL500_.jpg" alt="Product Image"></a><p>Blue Buffalo Life Protection Formula Adult Dry Dog Food, Helps Build and Maintain Strong Muscles, Made with Natural Ingredients, Chicken & Brown Rice Recipe, 15-lb. Bag</p><p> -15% 0FF </p><p>$37.98 ($2.53 / lb)</p><a href="https://www.amazon.com/dp/B0009YUGAG?tag=eloabder-20&linkCode=osi&th=1&psc=1">View Product</a></div>
<div class="product"><a href="https://www.amazon.com/dp/B0BFPJJTR9?tag=eloabder-20&linkCode=osi&th=1&psc=1"><img src="https://m.media-amazon.com/images/I/511o77BB+6L._SL500_.jpg" alt="Product Image"></a><p>Joytale Dog Leash for Large Dogs, Heavy Duty Nylon Leashes with Comfortable Padded Handle and Highly Reflective Threads, Ideal for Walking and Training, Black, 6'×1/2''</p><p> -10% 0FF </p><p>$7.19</p><a href="https://www.amazon.com/dp/B0BFPJJTR9?tag=eloabder-20&linkCode=osi&th=1&psc=1">View Product</a></div><div class="product"><a href="https://www.amazon.com/dp/B076F7HM8T?tag=eloabder-20&linkCode=osi&th=1&psc=1"><img src="https://m.media-amazon.com/images/I/41Qlfdjpa1L._SL500_.jpg" alt="Product Image"></a><p>TUG 360° Tangle-Free Retractable Dog Leash | 16 ft Strong Nylon Tape | One-Handed Brake, Pause, Lock (Medium, White)</p><p> -12% 0FF </p><p>$18.99</p><a href="https://www.amazon.com/dp/B076F7HM8T?tag=eloabder-20&linkCode=osi&th=1&psc=1">View Product</a></div><div class="product"><a href="https://www.amazon.com/dp/B095C8RXSH?tag=eloabder-20&linkCode=osi&th=1&psc=1"><img src="https://m.media-amazon.com/images/I/518Mz7ChiHL._SL500_.jpg" alt="Product Image"></a><p>Taglory Rope Dog Leash 6 FT with Comfortable Padded Handle, Highly Reflective Threads Leash for Medium Large Dogs, 1/2 inch, Hotpink</p><p> -36% 0FF </p><p>$9.99 ($9.99 / count)</p><a href="https://www.amazon.com/dp/B095C8RXSH?tag=eloabder-20&linkCode=osi&th=1&psc=1">View Product</a></div><div class="product"><a href="https://www.amazon.com/dp/B078SLM45M?tag=eloabder-20&linkCode=osi&th=1&psc=1"><img src="https://m.media-amazon.com/images/I/41cyg8ILTTL._SL500_.jpg" alt="Product Image"></a><p>TUG 360° Tangle-Free Retractable Dog Leash | 16 ft Strong Nylon Tape | One-Handed Brake, Pause, Lock (Large, White)</p><p> -14% 0FF </p><p>$21.99</p><a href="https://www.amazon.com/dp/B078SLM45M?tag=eloabder-20&linkCode=osi&th=1&psc=1">View Product</a></div>
<div class="product"><a href="https://www.amazon.com/dp/B0DGL4H82X?tag=eloabder-20&linkCode=osi&th=1&psc=1"><img src="https://m.media-amazon.com/images/I/51pDCCmAQNL._SL500_.jpg" alt="Product Image"></a><p>Halypet Cat Harness and Leash Set [MAX Safety 4th-Gen Upgrade] Escape Proof Adjustable Cat Leash Comfortable Soft Vest Easy to Wear Kitten Harness with Reflective Strip for Cats Walking, M Black</p><p> -28% 0FF </p><p>$10.79</p><a href="https://www.amazon.com/dp/B0DGL4H82X?tag=eloabder-20&linkCode=osi&th=1&psc=1">View Product</a></div><div class="product"><a href="https://www.amazon.com/dp/B000OGRDK0?tag=eloabder-20&linkCode=osi&th=1&psc=1"><img src="https://m.media-amazon.com/images/I/31tfSFnHwmL._SL500_.jpg" alt="Product Image"></a><p>PetSafe Nylon Leash - Chew-Resistant Cat & Dog Behavioral Training Leash - Compatible with Easy-Walk Harness - Traditional-Style Reliable Pet Lead with a Padded Hand Wrap - 3/8" x 6' - Black</p><p> -15% 0FF </p><p>$4.24</p><a href="https://www.amazon.com/dp/B000OGRDK0?tag=eloabder-20&linkCode=osi&th=1&psc=1">View Product</a></div><div class="product"><a href="https://www.amazon.com/dp/B0DGL21M78?tag=eloabder-20&linkCode=osi&th=1&psc=1"><img src="https://m.media-amazon.com/images/I/51pDCCmAQNL._SL500_.jpg" alt="Product Image"></a><p>Halypet Cat Harness and Leash Set - MAX Safety 4th-Gen Upgrade, Escape Proof, Adjustable, Comfortable Soft Vest, Easy to Wear Kitten Harness with Reflective Strip for Cats Walking - Small Black</p><p> -25% 0FF </p><p>$11.24</p><a href="https://www.amazon.com/dp/B0DGL21M78?tag=eloabder-20&linkCode=osi&th=1&psc=1">View Product</a></div>
<div class="product"><a href="https://www.amazon.com/dp/B08CCG96FR?tag=eloabder-20&linkCode=osi&th=1&psc=1"><img src="https://m.media-amazon.com/images/I/519rYYNcfDL._SL500_.jpg" alt="Product Image"></a><p>Best Pet Supplies Voyager Step-in Air Harness - All Weather Mesh, Reflective, No Pull Harness for Dogs, Cats - Secure with Hook & Loop Fastener, Buckle, Double D-Rings - Fuchsia, S</p><p> -39% 0FF </p><p>$9.07</p><a href="https://www.amazon.com/dp/B08CCG96FR?tag=eloabder-20&linkCode=osi&th=1&psc=1">View Product</a></div><div class="product"><a href="https://www.amazon.com/dp/B0F134YP3R?tag=eloabder-20&linkCode=osi&th=1&psc=1"><img src="https://m.media-amazon.com/images/I/41WVEg4wn7L._SL500_.jpg" alt="Product Image"></a><p>Bruvoalon Heavy-Duty Tactical Dog Harness for Large Dogs, No Pull Adjustable Reflective K9 Vest with Molle System, 12 Colors & 4 Sizes, Military-Grade Control for Training, Outdoor & 10+ Breeds</p><p> -24% 0FF </p><p>$15.19</p><a href="https://www.amazon.com/dp/B0F134YP3R?tag=eloabder-20&linkCode=osi&th=1&psc=1">View Product</a></div><div class="product"><a href="https://www.amazon.com/dp/B0DGXJWK9J?tag=eloabder-20&linkCode=osi&th=1&psc=1"><img src="https://m.media-amazon.com/images/I/51mncolU3aL._SL500_.jpg" alt="Product Image"></a><p>SlowTon No Pull Dog Harness - Heavy Duty Dog Harness and Leash Set for Medium Large Dogs, Reflective Tactical Harness with Soft Padded and Front Clip for Easy Walk and Training (Black L)</p><p> -13% 0FF </p><p>$19.99</p><a href="https://www.amazon.com/dp/B0DGXJWK9J?tag=eloabder-20&linkCode=osi&th=1&psc=1">View Product</a></div><div class="product"><a href="https://www.amazon.com/dp/B0DRJYND78?tag=eloabder-20&linkCode=osi&th=1&psc=1"><img src="https://m.media-amazon.com/images/I/41NZVoj8wjL._SL500_.jpg" alt="Product Image"></a><p>Wisedog Reflective No Pull Dog Harness - Adjustable Lightweight Pet Vest with 3 Fast-Release Buckles for Dogs Walking, Running and Training(M, Orange)</p><p> -50% 0FF </p><p>$5.59</p><a href="https://www.amazon.com/dp/B0DRJYND78?tag=eloabder-20&linkCode=osi&th=1&psc=1">View Product</a></div><div class="product"><a href="https://www.amazon.com/dp/B0FFV1QZVJ?tag=eloabder-20&linkCode=osi&th=1&psc=1"><img src="https://m.media-amazon.com/images/I/41BPzHU2wsL._SL500_.jpg" alt="Product Image"></a><p>PWOD No Pull Dog Harness with 2 Leash Clips, Reflective Adjustable Soft Padded Vest with Handle, Breathable Oxford No Choke Pet Vest for Large Dogs, Black,L</p><p> -30% 0FF </p><p>$13.99</p><a href="https://www.amazon.com/dp/B0FFV1QZVJ?tag=eloabder-20&linkCode=osi&th=1&psc=1">View Product</a></div><div class="product"><a href="https://www.amazon.com/dp/B0792XS9B1?tag=eloabder-20&linkCode=osi&th=1&psc=1"><img src="https://m.media-amazon.com/images/I/510eqOLi1TL._SL500_.jpg" alt="Product Image"></a><p>PoyPet No Pull Dog Harness, No Choke Front Lead Dog Reflective Harness, Adjustable Soft Padded Pet Vest with Easy Control Handle for Small to Large Dogs(Pink, Medium)</p><p> -11% 0FF </p><p>$11.99 ($11.99 / count)</p><a href="https://www.amazon.com/dp/B0792XS9B1?tag=eloabder-20&linkCode=osi&th=1&psc=1">View Product</a></div>
<div class="product"><a href="https://www.amazon.com/dp/B08CCGRW5D?tag=eloabder-20&linkCode=osi&th=1&psc=1"><img src="https://m.media-amazon.com/images/I/519rYYNcfDL._SL500_.jpg" alt="Product Image"></a><p>Best Pet Supplies Voyager Step-in Air Harness - All Weather Mesh, Reflective, No Pull Harness for Dogs, Cats - Secure with Hook & Loop Fastener, Buckle, Double D-Rings - Fuchsia, M</p><p> -13% 0FF </p><p>$12.99</p><a href="https://www.amazon.com/dp/B08CCGRW5D?tag=eloabder-20&linkCode=osi&th=1&psc=1">View Product</a></div>

<div class="product"><a href="https://www.amazon.com/dp/B09K8YYVWV?tag=eloabder-20&linkCode=osi&th=1&psc=1"><img src="https://m.media-amazon.com/images/I/4123dxF1ijL._SL500_.jpg" alt="Product Image"></a><p>Blue Buffalo Life Protection Formula Natural Adult Dry Dog Food, Chicken and Brown Rice 5-lb Trial Size Bag</p><p> -17% 0FF </p><p>$14.98 ($3.00 / lb)</p><a href="https://www.amazon.com/dp/B09K8YYVWV?tag=eloabder-20&linkCode=osi&th=1&psc=1">View Product</a></div><div class="product"><a href="https://www.amazon.com/dp/B0000AH3QT?tag=eloabder-20&linkCode=osi&th=1&psc=1"><img src="https://m.media-amazon.com/images/I/41FXHOzdCWL._SL500_.jpg" alt="Product Image"></a><p>Purina ONE Chicken and Rice Formula Dry Dog Food - 8 lb. Bag</p><p> -9% 0FF </p><p>$16.28 ($2.04 / lb)</p><a href="https://www.amazon.com/dp/B0000AH3QT?tag=eloabder-20&linkCode=osi&th=1&psc=1">View Product</a></div><div class="product"><a href="https://www.amazon.com/dp/B09K9FDLFN?tag=eloabder-20&linkCode=osi&th=1&psc=1"><img src="https://m.media-amazon.com/images/I/41fn4P3zY0L._SL500_.jpg" alt="Product Image"></a><p>Blue Buffalo Life Protection Formula Natural Adult Small Breed Dry Dog Food, Chicken and Brown Rice 5-lb Trial Size Bag</p><p> -13% 0FF </p><p>$17.48 ($3.50 / lb)</p><a href="https://www.amazon.com/dp/B09K9FDLFN?tag=eloabder-20&linkCode=osi&th=1&psc=1">View Product</a></div><div class="product"><a href="https://www.amazon.com/dp/B009IOCCD2?tag=eloabder-20&linkCode=osi&th=1&psc=1"><img src="https://m.media-amazon.com/images/I/41hzdgAAhmL._SL500_.jpg" alt="Product Image"></a><p>Purina ONE Dry Dog Food Lamb and Rice Formula - 31.1 lb. Bag</p><p> -17% 0FF </p><p>$48.98 ($1.57 / lb)</p><a href="https://www.amazon.com/dp/B009IOCCD2?tag=eloabder-20&linkCode=osi&th=1&psc=1">View Product</a></div><div class="product"><a href="https://www.amazon.com/dp/B06WGLV27L?tag=eloabder-20&linkCode=osi&th=1&psc=1"><img src="https://m.media-amazon.com/images/I/41+bgu7zfAL._SL500_.jpg" alt="Product Image"></a><p>Nutrish Dry Dog Food, Real Beef, Pea & Brown Rice Recipe Whole Health Blend for Adult Dogs, 40 lb. Bag, Packaging May Vary (Rachael Ray)</p><p> -26% 0FF </p><p>$43.99 ($1.10 / lb)</p><a href="https://www.amazon.com/dp/B06WGLV27L?tag=eloabder-20&linkCode=osi&th=1&psc=1">View Product</a></div><div class="product"><a href="https://www.amazon.com/dp/B0009YWKUA?tag=eloabder-20&linkCode=osi&th=1&psc=1"><img src="https://m.media-amazon.com/images/I/41gZ78TZzBL._SL500_.jpg" alt="Product Image"></a><p>Blue Buffalo Life Protection Formula Adult Dry Dog Food, Helps Build and Maintain Strong Muscles, Made with Natural Ingredients, Chicken & Brown Rice Recipe, 30-lb. Bag</p><p> -11% 0FF </p><p>$66.99 ($2.23 / lb)</p><a href="https://www.amazon.com/dp/B0009YWKUA?tag=eloabder-20&linkCode=osi&th=1&psc=1">View Product</a></div><div class="product"><a href="https://www.amazon.com/dp/B0009YUGAG?tag=eloabder-20&linkCode=osi&th=1&psc=1"><img src="https://m.media-amazon.com/images/I/41s0BUVfCbL._SL500_.jpg" alt="Product Image"></a><p>Blue Buffalo Life Protection Formula Adult Dry Dog Food, Helps Build and Maintain Strong Muscles, Made with Natural Ingredients, Chicken & Brown Rice Recipe, 15-lb. Bag</p><p> -15% 0FF </p><p>$37.98 ($2.53 / lb)</p><a href="https://www.amazon.com/dp/B0009YUGAG?tag=eloabder-20&linkCode=osi&th=1&psc=1">View Product</a></div>
<div class="product"><a href="https://www.amazon.com/dp/B0BFPJJTR9?tag=eloabder-20&linkCode=osi&th=1&psc=1"><img src="https://m.media-amazon.com/images/I/511o77BB+6L._SL500_.jpg" alt="Product Image"></a><p>Joytale Dog Leash for Large Dogs, Heavy Duty Nylon Leashes with Comfortable Padded Handle and Highly Reflective Threads, Ideal for Walking and Training, Black, 6'×1/2''</p><p> -10% 0FF </p><p>$7.19</p><a href="https://www.amazon.com/dp/B0BFPJJTR9?tag=eloabder-20&linkCode=osi&th=1&psc=1">View Product</a></div><div class="product"><a href="https://www.amazon.com/dp/B076F7HM8T?tag=eloabder-20&linkCode=osi&th=1&psc=1"><img src="https://m.media-amazon.com/images/I/41Qlfdjpa1L._SL500_.jpg" alt="Product Image"></a><p>TUG 360° Tangle-Free Retractable Dog Leash | 16 ft Strong Nylon Tape | One-Handed Brake, Pause, Lock (Medium, White)</p><p> -12% 0FF </p><p>$18.99</p><a href="https://www.amazon.com/dp/B076F7HM8T?tag=eloabder-20&linkCode=osi&th=1&psc=1">View Product</a></div><div class="product"><a href="https://www.amazon.com/dp/B095C8RXSH?tag=eloabder-20&linkCode=osi&th=1&psc=1"><img src="https://m.media-amazon.com/images/I/518Mz7ChiHL._SL500_.jpg" alt="Product Image"></a><p>Taglory Rope Dog Leash 6 FT with Comfortable Padded Handle, Highly Reflective Threads Leash for Medium Large Dogs, 1/2 inch, Hotpink</p><p> -36% 0FF </p><p>$9.99 ($9.99 / count)</p><a href="https://www.amazon.com/dp/B095C8RXSH?tag=eloabder-20&linkCode=osi&th=1&psc=1">View Product</a></div><div class="product"><a href="https://www.amazon.com/dp/B078SLM45M?tag=eloabder-20&linkCode=osi&th=1&psc=1"><img src="https://m.media-amazon.com/images/I/41cyg8ILTTL._SL500_.jpg" alt="Product Image"></a><p>TUG 360° Tangle-Free Retractable Dog Leash | 16 ft Strong Nylon Tape | One-Handed Brake, Pause, Lock (Large, White)</p><p> -14% 0FF </p><p>$21.99</p><a href="https://www.amazon.com/dp/B078SLM45M?tag=eloabder-20&linkCode=osi&th=1&psc=1">View Product</a></div>
<div class="product"><a href="https://www.amazon.com/dp/B0DGL4H82X?tag=eloabder-20&linkCode=osi&th=1&psc=1"><img src="https://m.media-amazon.com/images/I/51pDCCmAQNL._SL500_.jpg" alt="Product Image"></a><p>Halypet Cat Harness and Leash Set [MAX Safety 4th-Gen Upgrade] Escape Proof Adjustable Cat Leash Comfortable Soft Vest Easy to Wear Kitten Harness with Reflective Strip for Cats Walking, M Black</p><p> -28% 0FF </p><p>$10.79</p><a href="https://www.amazon.com/dp/B0DGL4H82X?tag=eloabder-20&linkCode=osi&th=1&psc=1">View Product</a></div><div class="product"><a href="https://www.amazon.com/dp/B000OGRDK0?tag=eloabder-20&linkCode=osi&th=1&psc=1"><img src="https://m.media-amazon.com/images/I/31tfSFnHwmL._SL500_.jpg" alt="Product Image"></a><p>PetSafe Nylon Leash - Chew-Resistant Cat & Dog Behavioral Training Leash - Compatible with Easy-Walk Harness - Traditional-Style Reliable Pet Lead with a Padded Hand Wrap - 3/8" x 6' - Black</p><p> -15% 0FF </p><p>$4.24</p><a href="https://www.amazon.com/dp/B000OGRDK0?tag=eloabder-20&linkCode=osi&th=1&psc=1">View Product</a></div><div class="product"><a href="https://www.amazon.com/dp/B0DGL21M78?tag=eloabder-20&linkCode=osi&th=1&psc=1"><img src="https://m.media-amazon.com/images/I/51pDCCmAQNL._SL500_.jpg" alt="Product Image"></a><p>Halypet Cat Harness and Leash Set - MAX Safety 4th-Gen Upgrade, Escape Proof, Adjustable, Comfortable Soft Vest, Easy to Wear Kitten Harness with Reflective Strip for Cats Walking - Small Black</p><p> -25% 0FF </p><p>$11.24</p><a href="https://www.amazon.com/dp/B0DGL21M78?tag=eloabder-20&linkCode=osi&th=1&psc=1">View Product</a></div>
<div class="product"><a href="https://www.amazon.com/dp/B08CCG96FR?tag=eloabder-20&linkCode=osi&th=1&psc=1"><img src="https://m.media-amazon.com/images/I/519rYYNcfDL._SL500_.jpg" alt="Product Image"></a><p>Best Pet Supplies Voyager Step-in Air Harness - All Weather Mesh, Reflective, No Pull Harness for Dogs, Cats - Secure with Hook & Loop Fastener, Buckle, Double D-Rings - Fuchsia, S</p><p> -39% 0FF </p><p>$9.07</p><a href="https://www.amazon.com/dp/B08CCG96FR?tag=eloabder-20&linkCode=osi&th=1&psc=1">View Product</a></div><div class="product"><a href="https://www.amazon.com/dp/B0F134YP3R?tag=eloabder-20&linkCode=osi&th=1&psc=1"><img src="https://m.media-amazon.com/images/I/41WVEg4wn7L._SL500_.jpg" alt="Product Image"></a><p>Bruvoalon Heavy-Duty Tactical Dog Harness for Large Dogs, No Pull Adjustable Reflective K9 Vest with Molle System, 12 Colors & 4 Sizes, Military-Grade Control for Training, Outdoor & 10+ Breeds</p><p> -24% 0FF </p><p>$15.19</p><a href="https://www.amazon.com/dp/B0F134YP3R?tag=eloabder-20&linkCode=osi&th=1&psc=1">View Product</a></div><div class="product"><a href="https://www.amazon.com/dp/B0DGXJWK9J?tag=eloabder-20&linkCode=osi&th=1&psc=1"><img src="https://m.media-amazon.com/images/I/51mncolU3aL._SL500_.jpg" alt="Product Image"></a><p>SlowTon No Pull Dog Harness - Heavy Duty Dog Harness and Leash Set for Medium Large Dogs, Reflective Tactical Harness with Soft Padded and Front Clip for Easy Walk and Training (Black L)</p><p> -13% 0FF </p><p>$19.99</p><a href="https://www.amazon.com/dp/B0DGXJWK9J?tag=eloabder-20&linkCode=osi&th=1&psc=1">View Product</a></div><div class="product"><a href="https://www.amazon.com/dp/B0DRJYND78?tag=eloabder-20&linkCode=osi&th=1&psc=1"><img src="https://m.media-amazon.com/images/I/41NZVoj8wjL._SL500_.jpg" alt="Product Image"></a><p>Wisedog Reflective No Pull Dog Harness - Adjustable Lightweight Pet Vest with 3 Fast-Release Buckles for Dogs Walking, Running and Training(M, Orange)</p><p> -50% 0FF </p><p>$5.59</p><a href="https://www.amazon.com/dp/B0DRJYND78?tag=eloabder-20&linkCode=osi&th=1&psc=1">View Product</a></div><div class="product"><a href="https://www.amazon.com/dp/B0FFV1QZVJ?tag=eloabder-20&linkCode=osi&th=1&psc=1"><img src="https://m.media-amazon.com/images/I/41BPzHU2wsL._SL500_.jpg" alt="Product Image"></a><p>PWOD No Pull Dog Harness with 2 Leash Clips, Reflective Adjustable Soft Padded Vest with Handle, Breathable Oxford No Choke Pet Vest for Large Dogs, Black,L</p><p> -30% 0FF </p><p>$13.99</p><a href="https://www.amazon.com/dp/B0FFV1QZVJ?tag=eloabder-20&linkCode=osi&th=1&psc=1">View Product</a></div><div class="product"><a href="https://www.amazon.com/dp/B0792XS9B1?tag=eloabder-20&linkCode=osi&th=1&psc=1"><img src="https://m.media-amazon.com/images/I/510eqOLi1TL._SL500_.jpg" alt="Product Image"></a><p>PoyPet No Pull Dog Harness, No Choke Front Lead Dog Reflective Harness, Adjustable Soft Padded Pet Vest with Easy Control Handle for Small to Large Dogs(Pink, Medium)</p><p> -11% 0FF </p><p>$11.99 ($11.99 / count)</p><a href="https://www.amazon.com/dp/B0792XS9B1?tag=eloabder-20&linkCode=osi&th=1&psc=1">View Product</a></div>
<div class="product"><a href="https://www.amazon.com/dp/B08CCGRW5D?tag=eloabder-20&linkCode=osi&th=1&psc=1"><img src="https://m.media-amazon.com/images/I/519rYYNcfDL._SL500_.jpg" alt="Product Image"></a><p>Best Pet Supplies Voyager Step-in Air Harness - All Weather Mesh, Reflective, No Pull Harness for Dogs, Cats - Secure with Hook & Loop Fastener, Buckle, Double D-Rings - Fuchsia, M</p><p> -13% 0FF </p><p>$12.99</p><a href="https://www.amazon.com/dp/B08CCGRW5D?tag=eloabder-20&linkCode=osi&th=1&psc=1">View Product</a></div>
<div class="product"><a href="https://www.amazon.com/dp/B005CUTWDE?tag=eloabder-20&linkCode=osi&th=1&psc=1"><img src="https://m.media-amazon.com/images/I/41j4IEfx6wL._SL500_.jpg" alt="Product Image"></a><p>Wahl USA Dry Skin & Itch Relief Pet Shampoo for Dogs – Oatmeal Formula with Coconut Lime Verbena Scent & Pet Friendly Formula, 24 Oz - Model 820004A</p><p> -10% 0FF </p><p>$8.97</p><a href="https://www.amazon.com/dp/B005CUTWDE?tag=eloabder-20&linkCode=osi&th=1&psc=1">View Product</a></div><div class="product"><a href="https://www.amazon.com/dp/B0791LY9MW?tag=eloabder-20&linkCode=osi&th=1&psc=1"><img src="https://m.media-amazon.com/images/I/510j7m4z+0L._SL500_.jpg" alt="Product Image"></a><p>PAWFUME Deshedding Dog Shampoo and Conditioner, Show Dog, 1-Pack – Nourish & Detangle for Silky Soft Coat – Probiotic, Deep-Cleaning, pH-Balanced Formula – Salon-Quality Shampoo for Dogs</p><p> -13% 0FF </p><p>$13.99 ($1.17 / fluid ounce)</p><a href="https://www.amazon.com/dp/B0791LY9MW?tag=eloabder-20&linkCode=osi&th=1&psc=1">View Product</a></div><div class="product"><a href="https://www.amazon.com/dp/B079T3KSYL?tag=eloabder-20&linkCode=osi&th=1&psc=1"><img src="https://m.media-amazon.com/images/I/411+lEo81xL._SL500_.jpg" alt="Product Image"></a><p>Wahl USA 4-in-1 Calming Pet Shampoo for Dogs with a Lavender Chamomile Scent – Cleans, Conditions, Detangles, & Moisturizes - Pet Friendly Formula – 64 Oz - Model 821000-050</p><p> -10% 0FF </p><p>$21.53 ($0.34 / fluid ounce)</p><a href="https://www.amazon.com/dp/B079T3KSYL?tag=eloabder-20&linkCode=osi&th=1&psc=1">View Product</a></div><div class="product"><a href="https://www.amazon.com/dp/B079T44C3J?tag=eloabder-20&linkCode=osi&th=1&psc=1"><img src="https://m.media-amazon.com/images/I/41aKOigtAPL._SL500_.jpg" alt="Product Image"></a><p>Wahl USA Dry Skin & Itch Relief Pet Shampoo for Dogs – Oatmeal Formula with Coconut Lime Verbena Scent - 64 Oz - Model 821004-050</p><p> -18% 0FF </p><p>$16.48</p><a href="https://www.amazon.com/dp/B079T44C3J?tag=eloabder-20&linkCode=osi&th=1&psc=1">View Product</a></div><div class="product"><a href="https://www.amazon.com/dp/B0DF3W6L1Y?tag=eloabder-20&linkCode=osi&th=1&psc=1"><img src="https://m.media-amazon.com/images/I/314vZFKBT5L._SL500_.jpg" alt="Product Image"></a><p>MRS. MEYER'S Clean Day 3 in 1 Dog Shampoo, Sweet Chamomile Scent, 14oz</p><p> -25% 0FF </p><p>$13.54 ($0.97 / fluid ounce)</p><a href="https://www.amazon.com/dp/B0DF3W6L1Y?tag=eloabder-20&linkCode=osi&th=1&psc=1">View Product</a></div><div class="product"><a href="https://www.amazon.com/dp/B0DF3S2ZFQ?tag=eloabder-20&linkCode=osi&th=1&psc=1"><img src="https://m.media-amazon.com/images/I/31a6kZ5IHLL._SL500_.jpg" alt="Product Image"></a><p>MRS. MEYER'S Clean Day 3 in 1 Dog Shampoo, White Peach Scent, 14oz</p><p> -36% 0FF </p><p>$11.59 ($0.83 / fluid ounce)</p><a href="https://www.amazon.com/dp/B0DF3S2ZFQ?tag=eloabder-20&linkCode=osi&th=1&psc=1">View Product</a></div>

<div class="product"><a href="https://www.amazon.com/dp/B09K8YYVWV?tag=eloabder-20&linkCode=osi&th=1&psc=1"><img src="https://m.media-amazon.com/images/I/4123dxF1ijL._SL500_.jpg" alt="Product Image"></a><p>Blue Buffalo Life Protection Formula Natural Adult Dry Dog Food, Chicken and Brown Rice 5-lb Trial Size Bag</p><p> -17% 0FF </p><p>$14.98 ($3.00 / lb)</p><a href="https://www.amazon.com/dp/B09K8YYVWV?tag=eloabder-20&linkCode=osi&th=1&psc=1">View Product</a></div><div class="product"><a href="https://www.amazon.com/dp/B0000AH3QT?tag=eloabder-20&linkCode=osi&th=1&psc=1"><img src="https://m.media-amazon.com/images/I/41FXHOzdCWL._SL500_.jpg" alt="Product Image"></a><p>Purina ONE Chicken and Rice Formula Dry Dog Food - 8 lb. Bag</p><p> -9% 0FF </p><p>$16.28 ($2.04 / lb)</p><a href="https://www.amazon.com/dp/B0000AH3QT?tag=eloabder-20&linkCode=osi&th=1&psc=1">View Product</a></div><div class="product"><a href="https://www.amazon.com/dp/B09K9FDLFN?tag=eloabder-20&linkCode=osi&th=1&psc=1"><img src="https://m.media-amazon.com/images/I/41fn4P3zY0L._SL500_.jpg" alt="Product Image"></a><p>Blue Buffalo Life Protection Formula Natural Adult Small Breed Dry Dog Food, Chicken and Brown Rice 5-lb Trial Size Bag</p><p> -13% 0FF </p><p>$17.48 ($3.50 / lb)</p><a href="https://www.amazon.com/dp/B09K9FDLFN?tag=eloabder-20&linkCode=osi&th=1&psc=1">View Product</a></div><div class="product"><a href="https://www.amazon.com/dp/B009IOCCD2?tag=eloabder-20&linkCode=osi&th=1&psc=1"><img src="https://m.media-amazon.com/images/I/41hzdgAAhmL._SL500_.jpg" alt="Product Image"></a><p>Purina ONE Dry Dog Food Lamb and Rice Formula - 31.1 lb. Bag</p><p> -17% 0FF </p><p>$48.98 ($1.57 / lb)</p><a href="https://www.amazon.com/dp/B009IOCCD2?tag=eloabder-20&linkCode=osi&th=1&psc=1">View Product</a></div><div class="product"><a href="https://www.amazon.com/dp/B06WGLV27L?tag=eloabder-20&linkCode=osi&th=1&psc=1"><img src="https://m.media-amazon.com/images/I/41+bgu7zfAL._SL500_.jpg" alt="Product Image"></a><p>Nutrish Dry Dog Food, Real Beef, Pea & Brown Rice Recipe Whole Health Blend for Adult Dogs, 40 lb. Bag, Packaging May Vary (Rachael Ray)</p><p> -26% 0FF </p><p>$43.99 ($1.10 / lb)</p><a href="https://www.amazon.com/dp/B06WGLV27L?tag=eloabder-20&linkCode=osi&th=1&psc=1">View Product</a></div><div class="product"><a href="https://www.amazon.com/dp/B0009YWKUA?tag=eloabder-20&linkCode=osi&th=1&psc=1"><img src="https://m.media-amazon.com/images/I/41gZ78TZzBL._SL500_.jpg" alt="Product Image"></a><p>Blue Buffalo Life Protection Formula Adult Dry Dog Food, Helps Build and Maintain Strong Muscles, Made with Natural Ingredients, Chicken & Brown Rice Recipe, 30-lb. Bag</p><p> -11% 0FF </p><p>$66.99 ($2.23 / lb)</p><a href="https://www.amazon.com/dp/B0009YWKUA?tag=eloabder-20&linkCode=osi&th=1&psc=1">View Product</a></div><div class="product"><a href="https://www.amazon.com/dp/B0009YUGAG?tag=eloabder-20&linkCode=osi&th=1&psc=1"><img src="https://m.media-amazon.com/images/I/41s0BUVfCbL._SL500_.jpg" alt="Product Image"></a><p>Blue Buffalo Life Protection Formula Adult Dry Dog Food, Helps Build and Maintain Strong Muscles, Made with Natural Ingredients, Chicken & Brown Rice Recipe, 15-lb. Bag</p><p> -15% 0FF </p><p>$37.98 ($2.53 / lb)</p><a href="https://www.amazon.com/dp/B0009YUGAG?tag=eloabder-20&linkCode=osi&th=1&psc=1">View Product</a></div>
<div class="product"><a href="https://www.amazon.com/dp/B0BFPJJTR9?tag=eloabder-20&linkCode=osi&th=1&psc=1"><img src="https://m.media-amazon.com/images/I/511o77BB+6L._SL500_.jpg" alt="Product Image"></a><p>Joytale Dog Leash for Large Dogs, Heavy Duty Nylon Leashes with Comfortable Padded Handle and Highly Reflective Threads, Ideal for Walking and Training, Black, 6'×1/2''</p><p> -10% 0FF </p><p>$7.19</p><a href="https://www.amazon.com/dp/B0BFPJJTR9?tag=eloabder-20&linkCode=osi&th=1&psc=1">View Product</a></div><div class="product"><a href="https://www.amazon.com/dp/B076F7HM8T?tag=eloabder-20&linkCode=osi&th=1&psc=1"><img src="https://m.media-amazon.com/images/I/41Qlfdjpa1L._SL500_.jpg" alt="Product Image"></a><p>TUG 360° Tangle-Free Retractable Dog Leash | 16 ft Strong Nylon Tape | One-Handed Brake, Pause, Lock (Medium, White)</p><p> -12% 0FF </p><p>$18.99</p><a href="https://www.amazon.com/dp/B076F7HM8T?tag=eloabder-20&linkCode=osi&th=1&psc=1">View Product</a></div><div class="product"><a href="https://www.amazon.com/dp/B095C8RXSH?tag=eloabder-20&linkCode=osi&th=1&psc=1"><img src="https://m.media-amazon.com/images/I/518Mz7ChiHL._SL500_.jpg" alt="Product Image"></a><p>Taglory Rope Dog Leash 6 FT with Comfortable Padded Handle, Highly Reflective Threads Leash for Medium Large Dogs, 1/2 inch, Hotpink</p><p> -36% 0FF </p><p>$9.99 ($9.99 / count)</p><a href="https://www.amazon.com/dp/B095C8RXSH?tag=eloabder-20&linkCode=osi&th=1&psc=1">View Product</a></div><div class="product"><a href="https://www.amazon.com/dp/B078SLM45M?tag=eloabder-20&linkCode=osi&th=1&psc=1"><img src="https://m.media-amazon.com/images/I/41cyg8ILTTL._SL500_.jpg" alt="Product Image"></a><p>TUG 360° Tangle-Free Retractable Dog Leash | 16 ft Strong Nylon Tape | One-Handed Brake, Pause, Lock (Large, White)</p><p> -14% 0FF </p><p>$21.99</p><a href="https://www.amazon.com/dp/B078SLM45M?tag=eloabder-20&linkCode=osi&th=1&psc=1">View Product</a></div>
<div class="product"><a href="https://www.amazon.com/dp/B0DGL4H82X?tag=eloabder-20&linkCode=osi&th=1&psc=1"><img src="https://m.media-amazon.com/images/I/51pDCCmAQNL._SL500_.jpg" alt="Product Image"></a><p>Halypet Cat Harness and Leash Set [MAX Safety 4th-Gen Upgrade] Escape Proof Adjustable Cat Leash Comfortable Soft Vest Easy to Wear Kitten Harness with Reflective Strip for Cats Walking, M Black</p><p> -28% 0FF </p><p>$10.79</p><a href="https://www.amazon.com/dp/B0DGL4H82X?tag=eloabder-20&linkCode=osi&th=1&psc=1">View Product</a></div><div class="product"><a href="https://www.amazon.com/dp/B000OGRDK0?tag=eloabder-20&linkCode=osi&th=1&psc=1"><img src="https://m.media-amazon.com/images/I/31tfSFnHwmL._SL500_.jpg" alt="Product Image"></a><p>PetSafe Nylon Leash - Chew-Resistant Cat & Dog Behavioral Training Leash - Compatible with Easy-Walk Harness - Traditional-Style Reliable Pet Lead with a Padded Hand Wrap - 3/8" x 6' - Black</p><p> -15% 0FF </p><p>$4.24</p><a href="https://www.amazon.com/dp/B000OGRDK0?tag=eloabder-20&linkCode=osi&th=1&psc=1">View Product</a></div><div class="product"><a href="https://www.amazon.com/dp/B0DGL21M78?tag=eloabder-20&linkCode=osi&th=1&psc=1"><img src="https://m.media-amazon.com/images/I/51pDCCmAQNL._SL500_.jpg" alt="Product Image"></a><p>Halypet Cat Harness and Leash Set - MAX Safety 4th-Gen Upgrade, Escape Proof, Adjustable, Comfortable Soft Vest, Easy to Wear Kitten Harness with Reflective Strip for Cats Walking - Small Black</p><p> -25% 0FF </p><p>$11.24</p><a href="https://www.amazon.com/dp/B0DGL21M78?tag=eloabder-20&linkCode=osi&th=1&psc=1">View Product</a></div>
<div class="product"><a href="https://www.amazon.com/dp/B08CCG96FR?tag=eloabder-20&linkCode=osi&th=1&psc=1"><img src="https://m.media-amazon.com/images/I/519rYYNcfDL._SL500_.jpg" alt="Product Image"></a><p>Best Pet Supplies Voyager Step-in Air Harness - All Weather Mesh, Reflective, No Pull Harness for Dogs, Cats - Secure with Hook & Loop Fastener, Buckle, Double D-Rings - Fuchsia, S</p><p> -39% 0FF </p><p>$9.07</p><a href="https://www.amazon.com/dp/B08CCG96FR?tag=eloabder-20&linkCode=osi&th=1&psc=1">View Product</a></div><div class="product"><a href="https://www.amazon.com/dp/B0F134YP3R?tag=eloabder-20&linkCode=osi&th=1&psc=1"><img src="https://m.media-amazon.com/images/I/41WVEg4wn7L._SL500_.jpg" alt="Product Image"></a><p>Bruvoalon Heavy-Duty Tactical Dog Harness for Large Dogs, No Pull Adjustable Reflective K9 Vest with Molle System, 12 Colors & 4 Sizes, Military-Grade Control for Training, Outdoor & 10+ Breeds</p><p> -24% 0FF </p><p>$15.19</p><a href="https://www.amazon.com/dp/B0F134YP3R?tag=eloabder-20&linkCode=osi&th=1&psc=1">View Product</a></div><div class="product"><a href="https://www.amazon.com/dp/B0DGXJWK9J?tag=eloabder-20&linkCode=osi&th=1&psc=1"><img src="https://m.media-amazon.com/images/I/51mncolU3aL._SL500_.jpg" alt="Product Image"></a><p>SlowTon No Pull Dog Harness - Heavy Duty Dog Harness and Leash Set for Medium Large Dogs, Reflective Tactical Harness with Soft Padded and Front Clip for Easy Walk and Training (Black L)</p><p> -13% 0FF </p><p>$19.99</p><a href="https://www.amazon.com/dp/B0DGXJWK9J?tag=eloabder-20&linkCode=osi&th=1&psc=1">View Product</a></div><div class="product"><a href="https://www.amazon.com/dp/B0DRJYND78?tag=eloabder-20&linkCode=osi&th=1&psc=1"><img src="https://m.media-amazon.com/images/I/41NZVoj8wjL._SL500_.jpg" alt="Product Image"></a><p>Wisedog Reflective No Pull Dog Harness - Adjustable Lightweight Pet Vest with 3 Fast-Release Buckles for Dogs Walking, Running and Training(M, Orange)</p><p> -50% 0FF </p><p>$5.59</p><a href="https://www.amazon.com/dp/B0DRJYND78?tag=eloabder-20&linkCode=osi&th=1&psc=1">View Product</a></div><div class="product"><a href="https://www.amazon.com/dp/B0FFV1QZVJ?tag=eloabder-20&linkCode=osi&th=1&psc=1"><img src="https://m.media-amazon.com/images/I/41BPzHU2wsL._SL500_.jpg" alt="Product Image"></a><p>PWOD No Pull Dog Harness with 2 Leash Clips, Reflective Adjustable Soft Padded Vest with Handle, Breathable Oxford No Choke Pet Vest for Large Dogs, Black,L</p><p> -30% 0FF </p><p>$13.99</p><a href="https://www.amazon.com/dp/B0FFV1QZVJ?tag=eloabder-20&linkCode=osi&th=1&psc=1">View Product</a></div><div class="product"><a href="https://www.amazon.com/dp/B0792XS9B1?tag=eloabder-20&linkCode=osi&th=1&psc=1"><img src="https://m.media-amazon.com/images/I/510eqOLi1TL._SL500_.jpg" alt="Product Image"></a><p>PoyPet No Pull Dog Harness, No Choke Front Lead Dog Reflective Harness, Adjustable Soft Padded Pet Vest with Easy Control Handle for Small to Large Dogs(Pink, Medium)</p><p> -11% 0FF </p><p>$11.99 ($11.99 / count)</p><a href="https://www.amazon.com/dp/B0792XS9B1?tag=eloabder-20&linkCode=osi&th=1&psc=1">View Product</a></div>
<div class="product"><a href="https://www.amazon.com/dp/B08CCGRW5D?tag=eloabder-20&linkCode=osi&th=1&psc=1"><img src="https://m.media-amazon.com/images/I/519rYYNcfDL._SL500_.jpg" alt="Product Image"></a><p>Best Pet Supplies Voyager Step-in Air Harness - All Weather Mesh, Reflective, No Pull Harness for Dogs, Cats - Secure with Hook & Loop Fastener, Buckle, Double D-Rings - Fuchsia, M</p><p> -13% 0FF </p><p>$12.99</p><a href="https://www.amazon.com/dp/B08CCGRW5D?tag=eloabder-20&linkCode=osi&th=1&psc=1">View Product</a></div>
<div class="product"><a href="https://www.amazon.com/dp/B005CUTWDE?tag=eloabder-20&linkCode=osi&th=1&psc=1"><img src="https://m.media-amazon.com/images/I/41j4IEfx6wL._SL500_.jpg" alt="Product Image"></a><p>Wahl USA Dry Skin & Itch Relief Pet Shampoo for Dogs – Oatmeal Formula with Coconut Lime Verbena Scent & Pet Friendly Formula, 24 Oz - Model 820004A</p><p> -10% 0FF </p><p>$8.97</p><a href="https://www.amazon.com/dp/B005CUTWDE?tag=eloabder-20&linkCode=osi&th=1&psc=1">View Product</a></div><div class="product"><a href="https://www.amazon.com/dp/B0791LY9MW?tag=eloabder-20&linkCode=osi&th=1&psc=1"><img src="https://m.media-amazon.com/images/I/510j7m4z+0L._SL500_.jpg" alt="Product Image"></a><p>PAWFUME Deshedding Dog Shampoo and Conditioner, Show Dog, 1-Pack – Nourish & Detangle for Silky Soft Coat – Probiotic, Deep-Cleaning, pH-Balanced Formula – Salon-Quality Shampoo for Dogs</p><p> -13% 0FF </p><p>$13.99 ($1.17 / fluid ounce)</p><a href="https://www.amazon.com/dp/B0791LY9MW?tag=eloabder-20&linkCode=osi&th=1&psc=1">View Product</a></div><div class="product"><a href="https://www.amazon.com/dp/B079T3KSYL?tag=eloabder-20&linkCode=osi&th=1&psc=1"><img src="https://m.media-amazon.com/images/I/411+lEo81xL._SL500_.jpg" alt="Product Image"></a><p>Wahl USA 4-in-1 Calming Pet Shampoo for Dogs with a Lavender Chamomile Scent – Cleans, Conditions, Detangles, & Moisturizes - Pet Friendly Formula – 64 Oz - Model 821000-050</p><p> -10% 0FF </p><p>$21.53 ($0.34 / fluid ounce)</p><a href="https://www.amazon.com/dp/B079T3KSYL?tag=eloabder-20&linkCode=osi&th=1&psc=1">View Product</a></div><div class="product"><a href="https://www.amazon.com/dp/B079T44C3J?tag=eloabder-20&linkCode=osi&th=1&psc=1"><img src="https://m.media-amazon.com/images/I/41aKOigtAPL._SL500_.jpg" alt="Product Image"></a><p>Wahl USA Dry Skin & Itch Relief Pet Shampoo for Dogs – Oatmeal Formula with Coconut Lime Verbena Scent - 64 Oz - Model 821004-050</p><p> -18% 0FF </p><p>$16.48</p><a href="https://www.amazon.com/dp/B079T44C3J?tag=eloabder-20&linkCode=osi&th=1&psc=1">View Product</a></div><div class="product"><a href="https://www.amazon.com/dp/B0DF3W6L1Y?tag=eloabder-20&linkCode=osi&th=1&psc=1"><img src="https://m.media-amazon.com/images/I/314vZFKBT5L._SL500_.jpg" alt="Product Image"></a><p>MRS. MEYER'S Clean Day 3 in 1 Dog Shampoo, Sweet Chamomile Scent, 14oz</p><p> -25% 0FF </p><p>$13.54 ($0.97 / fluid ounce)</p><a href="https://www.amazon.com/dp/B0DF3W6L1Y?tag=eloabder-20&linkCode=osi&th=1&psc=1">View Product</a></div><div class="product"><a href="https://www.amazon.com/dp/B0DF3S2ZFQ?tag=eloabder-20&linkCode=osi&th=1&psc=1"><img src="https://m.media-amazon.com/images/I/31a6kZ5IHLL._SL500_.jpg" alt="Product Image"></a><p>MRS. MEYER'S Clean Day 3 in 1 Dog Shampoo, White Peach Scent, 14oz</p><p> -36% 0FF </p><p>$11.59 ($0.83 / fluid ounce)</p><a href="https://www.amazon.com/dp/B0DF3S2ZFQ?tag=eloabder-20&linkCode=osi&th=1&psc=1">View Product</a></div>
<div class="product"><a href="https://www.amazon.com/dp/B0002J1FOE?tag=eloabder-20&linkCode=osi&th=1&psc=1"><img src="https://m.media-amazon.com/images/I/41MQpL7i06L._SL500_.jpg" alt="Product Image"></a><p>FRONTLINE Plus Flea and Tick Treatment for Large Dogs Up to 45 to 88 lbs. 3 Treatments</p><p> -22% 0FF </p><p>$34.98 ($11.66 / count)</p><a href="https://www.amazon.com/dp/B0002J1FOE?tag=eloabder-20&linkCode=osi&th=1&psc=1">View Product</a></div><div class="product"><a href="https://www.amazon.com/dp/B0002J1F76?tag=eloabder-20&linkCode=osi&th=1&psc=1"><img src="https://m.media-amazon.com/images/I/41dCAf46o0L._SL500_.jpg" alt="Product Image"></a><p>FRONTLINE Plus Flea and Tick Treatment for Cats Over 1.5 lbs. 3 Treatments</p><p> -11% 0FF </p><p>$39.98 ($783.92 / fluid ounce)</p><a href="https://www.amazon.com/dp/B0002J1F76?tag=eloabder-20&linkCode=osi&th=1&psc=1">View Product</a></div><div class="product"><a href="https://www.amazon.com/dp/B0F2HPNQ1W?tag=eloabder-20&linkCode=osi&th=1&psc=1"><img src="https://m.media-amazon.com/images/I/51DP4EE9hiL._SL500_.jpg" alt="Product Image"></a><p>Chewable Flea and Tick Prevention for Dogs - 120 Soft Chews Made in USA - Oral Flea and Tick Control Pills for Small, Medium, Large Dogs and Puppies - Skin and Coat Supplement Treats for All Breeds</p><p> -29% 0FF </p><p>$19.99 ($0.17 / count)</p><a href="https://www.amazon.com/dp/B0F2HPNQ1W?tag=eloabder-20&linkCode=osi&th=1&psc=1">View Product</a></div><div class="product"><a href="https://www.amazon.com/dp/B0002J1FN0?tag=eloabder-20&linkCode=osi&th=1&psc=1"><img src="https://m.media-amazon.com/images/I/41Ife-kF7uL._SL500_.jpg" alt="Product Image"></a><p>FRONTLINE Plus Flea and Tick Treatment for Medium Dogs Up to 23 to 44 lbs. 3 Treatments</p><p> -11% 0FF </p><p>$39.98 ($13.33 / count)</p><a href="https://www.amazon.com/dp/B0002J1FN0?tag=eloabder-20&linkCode=osi&th=1&psc=1">View Product</a></div><div class="product"><a href="https://www.amazon.com/dp/B00WWP1MIK?tag=eloabder-20&linkCode=osi&th=1&psc=1"><img src="https://m.media-amazon.com/images/I/513P0basXRL._SL500_.jpg" alt="Product Image"></a><p>PetArmor Plus Flea and Tick Prevention for Dogs, Large Dog Flea and Tick Treatment, 3 Doses, Waterproof Topical, Fast Acting (45-88 lbs)</p><p> -37% 0FF </p><p>$18.30 ($6.10 / count)</p><a href="https://www.amazon.com/dp/B00WWP1MIK?tag=eloabder-20&linkCode=osi&th=1&psc=1">View Product</a></div>

<div class="product"><a href="https://www.amazon.com/dp/B0CGZ7N7J4?tag=eloabder-20&linkCode=osi&th=1&psc=1"><img src="https://m.media-amazon.com/images/I/41dGghK+AoL._SL500_.jpg" alt="Product Image"></a><p>Dokotoo Men Mens Fashion Sweatshirts Fall Winter Clothes Long Sleeve Lightweight Thin Shirt Geometric Texture Dressy Crewneck Pullover Sweaters Brown X-Large</p><p> -11% 0FF </p><p>$19.99</p><a href="https://www.amazon.com/dp/B0CGZ7N7J4?tag=eloabder-20&linkCode=osi&th=1&psc=1">View Product</a></div><div class="product"><a href="https://www.amazon.com/dp/B0D4DG71YH?tag=eloabder-20&linkCode=osi&th=1&psc=1"><img src="https://m.media-amazon.com/images/I/41KS7EqUoGL._SL500_.jpg" alt="Product Image"></a><p>JMIERR Men Sweatshirts Front Collar Comfy Simple Plain Long Sleeve Drawstring Hoodies for Men with Pocket Pullover Casual Fashion Winter Autumn Shirt Big and Tall Sweater, US60(5XL), Khaki</p><p> -14% 0FF </p><p>$29.99</p><a href="https://www.amazon.com/dp/B0D4DG71YH?tag=eloabder-20&linkCode=osi&th=1&psc=1">View Product</a></div>

<div class="product"><a href="https://www.amazon.com/dp/B00ACIGNMY?tag=eloabder-20&linkCode=osi&th=1&psc=1"><img src="https://m.media-amazon.com/images/I/41Je9e62ioL._SL500_.jpg" alt="Product Image"></a><p>Hanes Mens Tagless Briefs, Soft Moisture Wicking Underwear, 7-pack Briefs-underwear, Gray/Black - 7 Pack, Large US</p><p> -43% 0FF </p><p>$24.00</p><a href="https://www.amazon.com/dp/B00ACIGNMY?tag=eloabder-20&linkCode=osi&th=1&psc=1">View Product</a></div><div class="product"><a href="https://www.amazon.com/dp/B00L6TPSHY?tag=eloabder-20&linkCode=osi&th=1&psc=1"><img src="https://m.media-amazon.com/images/I/41mJ+iLWkdL._SL500_.jpg" alt="Product Image"></a><p>Hanes Men's 6-Pack Tagless No Ride Up Briefs with ComfortSoft Waistband, Assorted, Medium</p><p> -10% 0FF </p><p>$17.98</p><a href="https://www.amazon.com/dp/B00L6TPSHY?tag=eloabder-20&linkCode=osi&th=1&psc=1">View Product</a></div><div class="product"><a href="https://www.amazon.com/dp/B07814714H?tag=eloabder-20&linkCode=osi&th=1&psc=1"><img src="https://m.media-amazon.com/images/I/416IVo-7aSL._SL500_.jpg" alt="Product Image"></a><p>Gildan Men's Underwear Covered Waistband Boxer Briefs, Multipack, Mixed Garnet (5-Pack), Large</p><p> -27% 0FF </p><p>$13.09</p><a href="https://www.amazon.com/dp/B07814714H?tag=eloabder-20&linkCode=osi&th=1&psc=1">View Product</a></div>
<div class="product"><a href="https://www.amazon.com/dp/B07FTGY1XR?tag=eloabder-20&linkCode=osi&th=1&psc=1"><img src="https://m.media-amazon.com/images/I/41yHcW15a8L._SL500_.jpg" alt="Product Image"></a><p>NORTIV 8 Men's Insulated Waterproof Construction Hiking Winter Snow Boots,Size 10.5,Black/1,TUNDRA</p><p> -10% 0FF </p><p>$43.19</p><a href="https://www.amazon.com/dp/B07FTGY1XR?tag=eloabder-20&linkCode=osi&th=1&psc=1">View Product</a></div>
<div class="product"><a href="https://www.amazon.com/dp/B0B2JCJ6ZD?tag=eloabder-20&linkCode=osi&th=1&psc=1"><img src="https://m.media-amazon.com/images/I/41VdGeYGPxL._SL500_.jpg" alt="Product Image"></a><p>Bruno Marc Men's Casual Dress Sneaker Shoes, Business Formal Derby Plain Toe Oxfords Crossflex GentEdge,Size 11,Brown,SBOX223M</p><p> -21% 0FF </p><p>$36.54</p><a href="https://www.amazon.com/dp/B0B2JCJ6ZD?tag=eloabder-20&linkCode=osi&th=1&psc=1">View Product</a></div><div class="product"><a href="https://www.amazon.com/dp/B06XC8ZR39?tag=eloabder-20&linkCode=osi&th=1&psc=1"><img src="https://m.media-amazon.com/images/I/41zZ6LIDM7L._SL500_.jpg" alt="Product Image"></a><p>Bruno Marc Men's Dress Oxford Shoes Classic Lace Up Formal Shoes,Size 10.5,Black,DOWNING-02</p><p> -29% 0FF </p><p>$39.99</p><a href="https://www.amazon.com/dp/B06XC8ZR39?tag=eloabder-20&linkCode=osi&th=1&psc=1">View Product</a></div><div class="product"><a href="https://www.amazon.com/dp/B00SMJO8S6?tag=eloabder-20&linkCode=osi&th=1&psc=1"><img src="https://m.media-amazon.com/images/I/315NtaJJD+L._SL500_.jpg" alt="Product Image"></a><p>Clarks Men's Tilden Cap Oxford, Black Leather, 10</p><p> -20% 0FF </p><p>$72.00</p><a href="https://www.amazon.com/dp/B00SMJO8S6?tag=eloabder-20&linkCode=osi&th=1&psc=1">View Product</a></div><div class="product"><a href="https://www.amazon.com/dp/B0D7P3YQ41?tag=eloabder-20&linkCode=osi&th=1&psc=1"><img src="https://m.media-amazon.com/images/I/41HxmcfcX2L._SL500_.jpg" alt="Product Image"></a><p>Bruno Marc Men's MaxFlex Dress Sneakers Oxfords Casual Wingtip Brogue Shoes,Size 11,All Black,SBOX2326M</p><p> -15% 0FF </p><p>$39.09</p><a href="https://www.amazon.com/dp/B0D7P3YQ41?tag=eloabder-20&linkCode=osi&th=1&psc=1">View Product</a></div><div class="product"><a href="https://www.amazon.com/dp/B0007TQ9PY?tag=eloabder-20&linkCode=osi&th=1&psc=1"><img src="https://m.media-amazon.com/images/I/31CtT3W-TML._SL500_.jpg" alt="Product Image"></a><p>Dockers Men’s Gordon Leather Oxford Dress Shoe,Black,10.5 M US</p><p> -47% 0FF </p><p>$45.38</p><a href="https://www.amazon.com/dp/B0007TQ9PY?tag=eloabder-20&linkCode=osi&th=1&psc=1">View Product</a></div><div class="product"><a href="https://www.amazon.com/dp/B0BNWBCKG8?tag=eloabder-20&linkCode=osi&th=1&psc=1"><img src="https://m.media-amazon.com/images/I/31pDIP6AqsL._SL500_.jpg" alt="Product Image"></a><p>Clarks Collection Men's Whiddon Cap Oxford, Mahogany Leather, 7.5 Medium US</p><p> -20% 0FF </p><p>$76.00</p><a href="https://www.amazon.com/dp/B0BNWBCKG8?tag=eloabder-20&linkCode=osi&th=1&psc=1">View Product</a></div><div class="product"><a href="https://www.amazon.com/dp/B01MQVSJVP?tag=eloabder-20&linkCode=osi&th=1&psc=1"><img src="https://m.media-amazon.com/images/I/41nrqB4TeJL._SL500_.jpg" alt="Product Image"></a><p>Cole Haan Men's 2.Zerogrand Laser Wingtip Oxford, British tan/Java, 12</p><p> -17% 0FF </p><p>$139.95</p><a href="https://www.amazon.com/dp/B01MQVSJVP?tag=eloabder-20&linkCode=osi&th=1&psc=1">View Product</a></div><div class="product"><a href="https://www.amazon.com/dp/B01KAU0GZ8?tag=eloabder-20&linkCode=osi&th=1&psc=1"><img src="https://m.media-amazon.com/images/I/415oCa6tRWL._SL500_.jpg" alt="Product Image"></a><p>Bruno Marc Men's Leather Lined Dress Oxfords Shoes,Size 10.5,Brown,PRINCE-16</p><p> -28% 0FF </p><p>$37.99</p><a href="https://www.amazon.com/dp/B01KAU0GZ8?tag=eloabder-20&linkCode=osi&th=1&psc=1">View Product</a></div><div class="product"><a href="https://www.amazon.com/dp/B07TS4PZG1?tag=eloabder-20&linkCode=osi&th=1&psc=1"><img src="https://m.media-amazon.com/images/I/31l3YUpsjbL._SL500_.jpg" alt="Product Image"></a><p>Dr. Scholl's Men's Sync Plain Toe Dress Casual Oxford, Dark Brown Fearless, 9.5 Wide US</p><p> -32% 0FF </p><p>$65.00</p><a href="https://www.amazon.com/dp/B07TS4PZG1?tag=eloabder-20&linkCode=osi&th=1&psc=1">View Product</a></div>
<div class="product"><a href="https://www.amazon.com/dp/B0716GJZ4F?tag=eloabder-20&linkCode=osi&th=1&psc=1"><img src="https://m.media-amazon.com/images/I/51o8iPeFUOL._SL500_.jpg" alt="Product Image"></a><p>Dockers Men's Newpage Sandal briar 10 W US</p><p> -51% 0FF </p><p>$34.48</p><a href="https://www.amazon.com/dp/B0716GJZ4F?tag=eloabder-20&linkCode=osi&th=1&psc=1">View Product</a></div><div class="product"><a href="https://www.amazon.com/dp/B09ZF3H6LN?tag=eloabder-20&linkCode=osi&th=1&psc=1"><img src="https://m.media-amazon.com/images/I/41EpoR9OprL._SL500_.jpg" alt="Product Image"></a><p>KuaiLu Men's Leather Flip Flops Arch Support Summer Beach Pool Water Thong Sandals Waterproof Rubber Walking Shoes Slip on Orthotic Casual Sport Cushioned Wide Slides Shower Slippers Brown Size 10.5</p><p> -25% 0FF </p><p>$14.99</p><a href="https://www.amazon.com/dp/B09ZF3H6LN?tag=eloabder-20&linkCode=osi&th=1&psc=1">View Product</a></div><div class="product"><a href="https://www.amazon.com/dp/B08R3GHLNH?tag=eloabder-20&linkCode=osi&th=1&psc=1"><img src="https://m.media-amazon.com/images/I/41VT1u9LgbL._SL500_.jpg" alt="Product Image"></a><p>FITORY Mens Sandals, Arch Support Slides with Adjustable Buckle Straps and Cork Footbed Brown Size 10</p><p> -45% 0FF </p><p>$27.54</p><a href="https://www.amazon.com/dp/B08R3GHLNH?tag=eloabder-20&linkCode=osi&th=1&psc=1">View Product</a></div><div class="product"><a href="https://www.amazon.com/dp/B07CZ54WT4?tag=eloabder-20&linkCode=osi&th=1&psc=1"><img src="https://m.media-amazon.com/images/I/31iUYzt74kL._SL500_.jpg" alt="Product Image"></a><p>Reef Cushion Phantom Men's Sandals Brown/tan - 11 Medium</p><p> -33% 0FF </p><p>$39.97</p><a href="https://www.amazon.com/dp/B07CZ54WT4?tag=eloabder-20&linkCode=osi&th=1&psc=1">View Product</a></div><div class="product"><a href="https://www.amazon.com/dp/B00ZUY6YZQ?tag=eloabder-20&linkCode=osi&th=1&psc=1"><img src="https://m.media-amazon.com/images/I/31G+uOysh5L._SL500_.jpg" alt="Product Image"></a><p>Reef Fanning Sandals - Men's, Black/Silver 12 M</p><p> -35% 0FF </p><p>$41.94</p><a href="https://www.amazon.com/dp/B00ZUY6YZQ?tag=eloabder-20&linkCode=osi&th=1&psc=1">View Product</a></div><div class="product"><a href="https://www.amazon.com/dp/B01M3RJ93F?tag=eloabder-20&linkCode=osi&th=1&psc=1"><img src="https://m.media-amazon.com/images/I/310dfFkW6rL._SL500_.jpg" alt="Product Image"></a><p>Dockers Men's Sunland Slide Sandal, Black, 10</p><p> -51% 0FF </p><p>$34.19</p><a href="https://www.amazon.com/dp/B01M3RJ93F?tag=eloabder-20&linkCode=osi&th=1&psc=1">View Product</a></div><div class="product"><a href="https://www.amazon.com/dp/B07X3FKWYS?tag=eloabder-20&linkCode=osi&th=1&psc=1"><img src="https://m.media-amazon.com/images/I/414ynAyoIjL._SL500_.jpg" alt="Product Image"></a><p>Jousen Men's Sandals Leather Open Toe Beach Sandal Dark Brown Outdoor Summer Sport Sandals (AMY662 Dark Brown 10)</p><p> -28% 0FF </p><p>$32.99</p><a href="https://www.amazon.com/dp/B07X3FKWYS?tag=eloabder-20&linkCode=osi&th=1&psc=1">View Product</a></div><div class="product"><a href="https://www.amazon.com/dp/B07BPZKSJZ?tag=eloabder-20&linkCode=osi&th=1&psc=1"><img src="https://m.media-amazon.com/images/I/51OgnHDzWTL._SL500_.jpg" alt="Product Image"></a><p>BINSHUN Sandals for Men Leather Hiking Sandals Athletic Walking Sports Fisherman Beach Shoes with Closed Toe</p><p> -10% 0FF </p><p>$29.87</p><a href="https://www.amazon.com/dp/B07BPZKSJZ?tag=eloabder-20&linkCode=osi&th=1&psc=1">View Product</a></div><div class="product"><a href="https://www.amazon.com/dp/B08YR1F8LQ?tag=eloabder-20&linkCode=osi&th=1&psc=1"><img src="https://m.media-amazon.com/images/I/41hSD6Adm1L._SL500_.jpg" alt="Product Image"></a><p>KuaiLu Mens Leather Sport Flip Flops Comfort Orthotic Thong Sandals with Plantar Fasciitis Arch Support for Outdoor Summer</p><p> -22% 0FF </p><p>$27.99</p><a href="https://www.amazon.com/dp/B08YR1F8LQ?tag=eloabder-20&linkCode=osi&th=1&psc=1">View Product</a></div>
<div class="product"><a href="https://www.amazon.com/dp/B09M3Z63QP?tag=eloabder-20&linkCode=osi&th=1&psc=1"><img src="https://m.media-amazon.com/images/I/51xLtsQ3QuL._SL500_.jpg" alt="Product Image"></a><p>RUNBOX Men's Wallets 15 Card Holder Slim Rfid Leather 2 ID Window With Gift Box Men's Accessories</p><p> -32% 0FF </p><p>$14.99</p><a href="https://www.amazon.com/dp/B09M3Z63QP?tag=eloabder-20&linkCode=osi&th=1&psc=1">View Product</a></div><div class="product"><a href="https://www.amazon.com/dp/B092VR48NK?tag=eloabder-20&linkCode=osi&th=1&psc=1"><img src="https://m.media-amazon.com/images/I/519fN7eFdjL._SL500_.jpg" alt="Product Image"></a><p>RUNBOX Novelty Wallet for Men Slim 11 Credit Card Holder Slots Leather RFID Blocking Small Thin Men's Wallet Bifold Minimalist Front Pocket Large Capacity Gift Box</p><p> -60% 0FF </p><p>$11.99</p><a href="https://www.amazon.com/dp/B092VR48NK?tag=eloabder-20&linkCode=osi&th=1&psc=1">View Product</a></div><div class="product"><a href="https://www.amazon.com/dp/B0FCFLBPRZ?tag=eloabder-20&linkCode=osi&th=1&psc=1"><img src="https://m.media-amazon.com/images/I/41H9+SOX03L._SL500_.jpg" alt="Product Image"></a><p>Wallet for Men, RFID Wallet with Money Clip & ID Window, Minimalist Pop Up Credit Card Case Holder 10-12 Cards, Bifold Slim Smart Wallet for Front Pocket, Compact Metal Wallets, Gifts for Men, Carbon</p><p> -49% 0FF </p><p>$18.99</p><a href="https://www.amazon.com/dp/B0FCFLBPRZ?tag=eloabder-20&linkCode=osi&th=1&psc=1">View Product</a></div>

<div class="product"><a href="https://www.amazon.com/dp/B09K8YYVWV?tag=eloabder-20&linkCode=osi&th=1&psc=1"><img src="https://m.media-amazon.com/images/I/4123dxF1ijL._SL500_.jpg" alt="Product Image"></a><p>Blue Buffalo Life Protection Formula Natural Adult Dry Dog Food, Chicken and Brown Rice 5-lb Trial Size Bag</p><p> -17% 0FF </p><p>$14.98 ($3.00 / lb)</p><a href="https://www.amazon.com/dp/B09K8YYVWV?tag=eloabder-20&linkCode=osi&th=1&psc=1">View Product</a></div><div class="product"><a href="https://www.amazon.com/dp/B0000AH3QT?tag=eloabder-20&linkCode=osi&th=1&psc=1"><img src="https://m.media-amazon.com/images/I/41FXHOzdCWL._SL500_.jpg" alt="Product Image"></a><p>Purina ONE Chicken and Rice Formula Dry Dog Food - 8 lb. Bag</p><p> -9% 0FF </p><p>$16.28 ($2.04 / lb)</p><a href="https://www.amazon.com/dp/B0000AH3QT?tag=eloabder-20&linkCode=osi&th=1&psc=1">View Product</a></div><div class="product"><a href="https://www.amazon.com/dp/B09K9FDLFN?tag=eloabder-20&linkCode=osi&th=1&psc=1"><img src="https://m.media-amazon.com/images/I/41fn4P3zY0L._SL500_.jpg" alt="Product Image"></a><p>Blue Buffalo Life Protection Formula Natural Adult Small Breed Dry Dog Food, Chicken and Brown Rice 5-lb Trial Size Bag</p><p> -13% 0FF </p><p>$17.48 ($3.50 / lb)</p><a href="https://www.amazon.com/dp/B09K9FDLFN?tag=eloabder-20&linkCode=osi&th=1&psc=1">View Product</a></div><div class="product"><a href="https://www.amazon.com/dp/B009IOCCD2?tag=eloabder-20&linkCode=osi&th=1&psc=1"><img src="https://m.media-amazon.com/images/I/41hzdgAAhmL._SL500_.jpg" alt="Product Image"></a><p>Purina ONE Dry Dog Food Lamb and Rice Formula - 31.1 lb. Bag</p><p> -17% 0FF </p><p>$48.98 ($1.57 / lb)</p><a href="https://www.amazon.com/dp/B009IOCCD2?tag=eloabder-20&linkCode=osi&th=1&psc=1">View Product</a></div><div class="product"><a href="https://www.amazon.com/dp/B06WGLV27L?tag=eloabder-20&linkCode=osi&th=1&psc=1"><img src="https://m.media-amazon.com/images/I/41+bgu7zfAL._SL500_.jpg" alt="Product Image"></a><p>Nutrish Dry Dog Food, Real Beef, Pea & Brown Rice Recipe Whole Health Blend for Adult Dogs, 40 lb. Bag, Packaging May Vary (Rachael Ray)</p><p> -26% 0FF </p><p>$43.99 ($1.10 / lb)</p><a href="https://www.amazon.com/dp/B06WGLV27L?tag=eloabder-20&linkCode=osi&th=1&psc=1">View Product</a></div><div class="product"><a href="https://www.amazon.com/dp/B0009YWKUA?tag=eloabder-20&linkCode=osi&th=1&psc=1"><img src="https://m.media-amazon.com/images/I/41gZ78TZzBL._SL500_.jpg" alt="Product Image"></a><p>Blue Buffalo Life Protection Formula Adult Dry Dog Food, Helps Build and Maintain Strong Muscles, Made with Natural Ingredients, Chicken & Brown Rice Recipe, 30-lb. Bag</p><p> -11% 0FF </p><p>$66.99 ($2.23 / lb)</p><a href="https://www.amazon.com/dp/B0009YWKUA?tag=eloabder-20&linkCode=osi&th=1&psc=1">View Product</a></div><div class="product"><a href="https://www.amazon.com/dp/B0009YUGAG?tag=eloabder-20&linkCode=osi&th=1&psc=1"><img src="https://m.media-amazon.com/images/I/41s0BUVfCbL._SL500_.jpg" alt="Product Image"></a><p>Blue Buffalo Life Protection Formula Adult Dry Dog Food, Helps Build and Maintain Strong Muscles, Made with Natural Ingredients, Chicken & Brown Rice Recipe, 15-lb. Bag</p><p> -15% 0FF </p><p>$37.98 ($2.53 / lb)</p><a href="https://www.amazon.com/dp/B0009YUGAG?tag=eloabder-20&linkCode=osi&th=1&psc=1">View Product</a></div>
<div class="product"><a href="https://www.amazon.com/dp/B0BFPJJTR9?tag=eloabder-20&linkCode=osi&th=1&psc=1"><img src="https://m.media-amazon.com/images/I/511o77BB+6L._SL500_.jpg" alt="Product Image"></a><p>Joytale Dog Leash for Large Dogs, Heavy Duty Nylon Leashes with Comfortable Padded Handle and Highly Reflective Threads, Ideal for Walking and Training, Black, 6'×1/2''</p><p> -10% 0FF </p><p>$7.19</p><a href="https://www.amazon.com/dp/B0BFPJJTR9?tag=eloabder-20&linkCode=osi&th=1&psc=1">View Product</a></div><div class="product"><a href="https://www.amazon.com/dp/B076F7HM8T?tag=eloabder-20&linkCode=osi&th=1&psc=1"><img src="https://m.media-amazon.com/images/I/41Qlfdjpa1L._SL500_.jpg" alt="Product Image"></a><p>TUG 360° Tangle-Free Retractable Dog Leash | 16 ft Strong Nylon Tape | One-Handed Brake, Pause, Lock (Medium, White)</p><p> -12% 0FF </p><p>$18.99</p><a href="https://www.amazon.com/dp/B076F7HM8T?tag=eloabder-20&linkCode=osi&th=1&psc=1">View Product</a></div><div class="product"><a href="https://www.amazon.com/dp/B095C8RXSH?tag=eloabder-20&linkCode=osi&th=1&psc=1"><img src="https://m.media-amazon.com/images/I/518Mz7ChiHL._SL500_.jpg" alt="Product Image"></a><p>Taglory Rope Dog Leash 6 FT with Comfortable Padded Handle, Highly Reflective Threads Leash for Medium Large Dogs, 1/2 inch, Hotpink</p><p> -36% 0FF </p><p>$9.99 ($9.99 / count)</p><a href="https://www.amazon.com/dp/B095C8RXSH?tag=eloabder-20&linkCode=osi&th=1&psc=1">View Product</a></div><div class="product"><a href="https://www.amazon.com/dp/B078SLM45M?tag=eloabder-20&linkCode=osi&th=1&psc=1"><img src="https://m.media-amazon.com/images/I/41cyg8ILTTL._SL500_.jpg" alt="Product Image"></a><p>TUG 360° Tangle-Free Retractable Dog Leash | 16 ft Strong Nylon Tape | One-Handed Brake, Pause, Lock (Large, White)</p><p> -14% 0FF </p><p>$21.99</p><a href="https://www.amazon.com/dp/B078SLM45M?tag=eloabder-20&linkCode=osi&th=1&psc=1">View Product</a></div>
<div class="product"><a href="https://www.amazon.com/dp/B0DGL4H82X?tag=eloabder-20&linkCode=osi&th=1&psc=1"><img src="https://m.media-amazon.com/images/I/51pDCCmAQNL._SL500_.jpg" alt="Product Image"></a><p>Halypet Cat Harness and Leash Set [MAX Safety 4th-Gen Upgrade] Escape Proof Adjustable Cat Leash Comfortable Soft Vest Easy to Wear Kitten Harness with Reflective Strip for Cats Walking, M Black</p><p> -28% 0FF </p><p>$10.79</p><a href="https://www.amazon.com/dp/B0DGL4H82X?tag=eloabder-20&linkCode=osi&th=1&psc=1">View Product</a></div><div class="product"><a href="https://www.amazon.com/dp/B000OGRDK0?tag=eloabder-20&linkCode=osi&th=1&psc=1"><img src="https://m.media-amazon.com/images/I/31tfSFnHwmL._SL500_.jpg" alt="Product Image"></a><p>PetSafe Nylon Leash - Chew-Resistant Cat & Dog Behavioral Training Leash - Compatible with Easy-Walk Harness - Traditional-Style Reliable Pet Lead with a Padded Hand Wrap - 3/8" x 6' - Black</p><p> -15% 0FF </p><p>$4.24</p><a href="https://www.amazon.com/dp/B000OGRDK0?tag=eloabder-20&linkCode=osi&th=1&psc=1">View Product</a></div><div class="product"><a href="https://www.amazon.com/dp/B0DGL21M78?tag=eloabder-20&linkCode=osi&th=1&psc=1"><img src="https://m.media-amazon.com/images/I/51pDCCmAQNL._SL500_.jpg" alt="Product Image"></a><p>Halypet Cat Harness and Leash Set - MAX Safety 4th-Gen Upgrade, Escape Proof, Adjustable, Comfortable Soft Vest, Easy to Wear Kitten Harness with Reflective Strip for Cats Walking - Small Black</p><p> -25% 0FF </p><p>$11.24</p><a href="https://www.amazon.com/dp/B0DGL21M78?tag=eloabder-20&linkCode=osi&th=1&psc=1">View Product</a></div>
<div class="product"><a href="https://www.amazon.com/dp/B08CCG96FR?tag=eloabder-20&linkCode=osi&th=1&psc=1"><img src="https://m.media-amazon.com/images/I/519rYYNcfDL._SL500_.jpg" alt="Product Image"></a><p>Best Pet Supplies Voyager Step-in Air Harness - All Weather Mesh, Reflective, No Pull Harness for Dogs, Cats - Secure with Hook & Loop Fastener, Buckle, Double D-Rings - Fuchsia, S</p><p> -39% 0FF </p><p>$9.07</p><a href="https://www.amazon.com/dp/B08CCG96FR?tag=eloabder-20&linkCode=osi&th=1&psc=1">View Product</a></div><div class="product"><a href="https://www.amazon.com/dp/B0F134YP3R?tag=eloabder-20&linkCode=osi&th=1&psc=1"><img src="https://m.media-amazon.com/images/I/41WVEg4wn7L._SL500_.jpg" alt="Product Image"></a><p>Bruvoalon Heavy-Duty Tactical Dog Harness for Large Dogs, No Pull Adjustable Reflective K9 Vest with Molle System, 12 Colors & 4 Sizes, Military-Grade Control for Training, Outdoor & 10+ Breeds</p><p> -24% 0FF </p><p>$15.19</p><a href="https://www.amazon.com/dp/B0F134YP3R?tag=eloabder-20&linkCode=osi&th=1&psc=1">View Product</a></div><div class="product"><a href="https://www.amazon.com/dp/B0DGXJWK9J?tag=eloabder-20&linkCode=osi&th=1&psc=1"><img src="https://m.media-amazon.com/images/I/51mncolU3aL._SL500_.jpg" alt="Product Image"></a><p>SlowTon No Pull Dog Harness - Heavy Duty Dog Harness and Leash Set for Medium Large Dogs, Reflective Tactical Harness with Soft Padded and Front Clip for Easy Walk and Training (Black L)</p><p> -13% 0FF </p><p>$19.99</p><a href="https://www.amazon.com/dp/B0DGXJWK9J?tag=eloabder-20&linkCode=osi&th=1&psc=1">View Product</a></div><div class="product"><a href="https://www.amazon.com/dp/B0DRJYND78?tag=eloabder-20&linkCode=osi&th=1&psc=1"><img src="https://m.media-amazon.com/images/I/41NZVoj8wjL._SL500_.jpg" alt="Product Image"></a><p>Wisedog Reflective No Pull Dog Harness - Adjustable Lightweight Pet Vest with 3 Fast-Release Buckles for Dogs Walking, Running and Training(M, Orange)</p><p> -50% 0FF </p><p>$5.59</p><a href="https://www.amazon.com/dp/B0DRJYND78?tag=eloabder-20&linkCode=osi&th=1&psc=1">View Product</a></div><div class="product"><a href="https://www.amazon.com/dp/B0FFV1QZVJ?tag=eloabder-20&linkCode=osi&th=1&psc=1"><img src="https://m.media-amazon.com/images/I/41BPzHU2wsL._SL500_.jpg" alt="Product Image"></a><p>PWOD No Pull Dog Harness with 2 Leash Clips, Reflective Adjustable Soft Padded Vest with Handle, Breathable Oxford No Choke Pet Vest for Large Dogs, Black,L</p><p> -30% 0FF </p><p>$13.99</p><a href="https://www.amazon.com/dp/B0FFV1QZVJ?tag=eloabder-20&linkCode=osi&th=1&psc=1">View Product</a></div><div class="product"><a href="https://www.amazon.com/dp/B0792XS9B1?tag=eloabder-20&linkCode=osi&th=1&psc=1"><img src="https://m.media-amazon.com/images/I/510eqOLi1TL._SL500_.jpg" alt="Product Image"></a><p>PoyPet No Pull Dog Harness, No Choke Front Lead Dog Reflective Harness, Adjustable Soft Padded Pet Vest with Easy Control Handle for Small to Large Dogs(Pink, Medium)</p><p> -11% 0FF </p><p>$11.99 ($11.99 / count)</p><a href="https://www.amazon.com/dp/B0792XS9B1?tag=eloabder-20&linkCode=osi&th=1&psc=1">View Product</a></div>
<div class="product"><a href="https://www.amazon.com/dp/B08CCGRW5D?tag=eloabder-20&linkCode=osi&th=1&psc=1"><img src="https://m.media-amazon.com/images/I/519rYYNcfDL._SL500_.jpg" alt="Product Image"></a><p>Best Pet Supplies Voyager Step-in Air Harness - All Weather Mesh, Reflective, No Pull Harness for Dogs, Cats - Secure with Hook & Loop Fastener, Buckle, Double D-Rings - Fuchsia, M</p><p> -13% 0FF </p><p>$12.99</p><a href="https://www.amazon.com/dp/B08CCGRW5D?tag=eloabder-20&linkCode=osi&th=1&psc=1">View Product</a></div>
<div class="product"><a href="https://www.amazon.com/dp/B005CUTWDE?tag=eloabder-20&linkCode=osi&th=1&psc=1"><img src="https://m.media-amazon.com/images/I/41j4IEfx6wL._SL500_.jpg" alt="Product Image"></a><p>Wahl USA Dry Skin & Itch Relief Pet Shampoo for Dogs – Oatmeal Formula with Coconut Lime Verbena Scent & Pet Friendly Formula, 24 Oz - Model 820004A</p><p> -10% 0FF </p><p>$8.97</p><a href="https://www.amazon.com/dp/B005CUTWDE?tag=eloabder-20&linkCode=osi&th=1&psc=1">View Product</a></div><div class="product"><a href="https://www.amazon.com/dp/B0791LY9MW?tag=eloabder-20&linkCode=osi&th=1&psc=1"><img src="https://m.media-amazon.com/images/I/510j7m4z+0L._SL500_.jpg" alt="Product Image"></a><p>PAWFUME Deshedding Dog Shampoo and Conditioner, Show Dog, 1-Pack – Nourish & Detangle for Silky Soft Coat – Probiotic, Deep-Cleaning, pH-Balanced Formula – Salon-Quality Shampoo for Dogs</p><p> -13% 0FF </p><p>$13.99 ($1.17 / fluid ounce)</p><a href="https://www.amazon.com/dp/B0791LY9MW?tag=eloabder-20&linkCode=osi&th=1&psc=1">View Product</a></div><div class="product"><a href="https://www.amazon.com/dp/B079T3KSYL?tag=eloabder-20&linkCode=osi&th=1&psc=1"><img src="https://m.media-amazon.com/images/I/411+lEo81xL._SL500_.jpg" alt="Product Image"></a><p>Wahl USA 4-in-1 Calming Pet Shampoo for Dogs with a Lavender Chamomile Scent – Cleans, Conditions, Detangles, & Moisturizes - Pet Friendly Formula – 64 Oz - Model 821000-050</p><p> -10% 0FF </p><p>$21.53 ($0.34 / fluid ounce)</p><a href="https://www.amazon.com/dp/B079T3KSYL?tag=eloabder-20&linkCode=osi&th=1&psc=1">View Product</a></div><div class="product"><a href="https://www.amazon.com/dp/B079T44C3J?tag=eloabder-20&linkCode=osi&th=1&psc=1"><img src="https://m.media-amazon.com/images/I/41aKOigtAPL._SL500_.jpg" alt="Product Image"></a><p>Wahl USA Dry Skin & Itch Relief Pet Shampoo for Dogs – Oatmeal Formula with Coconut Lime Verbena Scent - 64 Oz - Model 821004-050</p><p> -18% 0FF </p><p>$16.48</p><a href="https://www.amazon.com/dp/B079T44C3J?tag=eloabder-20&linkCode=osi&th=1&psc=1">View Product</a></div><div class="product"><a href="https://www.amazon.com/dp/B0DF3W6L1Y?tag=eloabder-20&linkCode=osi&th=1&psc=1"><img src="https://m.media-amazon.com/images/I/314vZFKBT5L._SL500_.jpg" alt="Product Image"></a><p>MRS. MEYER'S Clean Day 3 in 1 Dog Shampoo, Sweet Chamomile Scent, 14oz</p><p> -25% 0FF </p><p>$13.54 ($0.97 / fluid ounce)</p><a href="https://www.amazon.com/dp/B0DF3W6L1Y?tag=eloabder-20&linkCode=osi&th=1&psc=1">View Product</a></div><div class="product"><a href="https://www.amazon.com/dp/B0DF3S2ZFQ?tag=eloabder-20&linkCode=osi&th=1&psc=1"><img src="https://m.media-amazon.com/images/I/31a6kZ5IHLL._SL500_.jpg" alt="Product Image"></a><p>MRS. MEYER'S Clean Day 3 in 1 Dog Shampoo, White Peach Scent, 14oz</p><p> -36% 0FF </p><p>$11.59 ($0.83 / fluid ounce)</p><a href="https://www.amazon.com/dp/B0DF3S2ZFQ?tag=eloabder-20&linkCode=osi&th=1&psc=1">View Product</a></div>
<div class="product"><a href="https://www.amazon.com/dp/B0002J1FOE?tag=eloabder-20&linkCode=osi&th=1&psc=1"><img src="https://m.media-amazon.com/images/I/41MQpL7i06L._SL500_.jpg" alt="Product Image"></a><p>FRONTLINE Plus Flea and Tick Treatment for Large Dogs Up to 45 to 88 lbs. 3 Treatments</p><p> -22% 0FF </p><p>$34.98 ($11.66 / count)</p><a href="https://www.amazon.com/dp/B0002J1FOE?tag=eloabder-20&linkCode=osi&th=1&psc=1">View Product</a></div><div class="product"><a href="https://www.amazon.com/dp/B0002J1F76?tag=eloabder-20&linkCode=osi&th=1&psc=1"><img src="https://m.media-amazon.com/images/I/41dCAf46o0L._SL500_.jpg" alt="Product Image"></a><p>FRONTLINE Plus Flea and Tick Treatment for Cats Over 1.5 lbs. 3 Treatments</p><p> -11% 0FF </p><p>$39.98 ($783.92 / fluid ounce)</p><a href="https://www.amazon.com/dp/B0002J1F76?tag=eloabder-20&linkCode=osi&th=1&psc=1">View Product</a></div><div class="product"><a href="https://www.amazon.com/dp/B0F2HPNQ1W?tag=eloabder-20&linkCode=osi&th=1&psc=1"><img src="https://m.media-amazon.com/images/I/51DP4EE9hiL._SL500_.jpg" alt="Product Image"></a><p>Chewable Flea and Tick Prevention for Dogs - 120 Soft Chews Made in USA - Oral Flea and Tick Control Pills for Small, Medium, Large Dogs and Puppies - Skin and Coat Supplement Treats for All Breeds</p><p> -29% 0FF </p><p>$19.99 ($0.17 / count)</p><a href="https://www.amazon.com/dp/B0F2HPNQ1W?tag=eloabder-20&linkCode=osi&th=1&psc=1">View Product</a></div><div class="product"><a href="https://www.amazon.com/dp/B0002J1FN0?tag=eloabder-20&linkCode=osi&th=1&psc=1"><img src="https://m.media-amazon.com/images/I/41Ife-kF7uL._SL500_.jpg" alt="Product Image"></a><p>FRONTLINE Plus Flea and Tick Treatment for Medium Dogs Up to 23 to 44 lbs. 3 Treatments</p><p> -11% 0FF </p><p>$39.98 ($13.33 / count)</p><a href="https://www.amazon.com/dp/B0002J1FN0?tag=eloabder-20&linkCode=osi&th=1&psc=1">View Product</a></div><div class="product"><a href="https://www.amazon.com/dp/B00WWP1MIK?tag=eloabder-20&linkCode=osi&th=1&psc=1"><img src="https://m.media-amazon.com/images/I/513P0basXRL._SL500_.jpg" alt="Product Image"></a><p>PetArmor Plus Flea and Tick Prevention for Dogs, Large Dog Flea and Tick Treatment, 3 Doses, Waterproof Topical, Fast Acting (45-88 lbs)</p><p> -37% 0FF </p><p>$18.30 ($6.10 / count)</p><a href="https://www.amazon.com/dp/B00WWP1MIK?tag=eloabder-20&linkCode=osi&th=1&psc=1">View Product</a></div>
<div class="product"><a href="https://www.amazon.com/dp/B0009X29WK?tag=eloabder-20&linkCode=osi&th=1&psc=1"><img src="https://m.media-amazon.com/images/I/51aLRVazcoL._SL500_.jpg" alt="Product Image"></a><p>Dr. Elsey's Ultra UnScented Clumping Clay Cat Litter 40 lb. Bag</p><p> -13% 0FF </p><p>$20.99 ($0.03 / fluid ounce)</p><a href="https://www.amazon.com/dp/B0009X29WK?tag=eloabder-20&linkCode=osi&th=1&psc=1">View Product</a></div><div class="product"><a href="https://www.amazon.com/dp/B089LLHMQL?tag=eloabder-20&linkCode=osi&th=1&psc=1"><img src="https://m.media-amazon.com/images/I/51WhnzWdn4L._SL500_.jpg" alt="Product Image"></a><p>ARM & HAMMER Clump & Seal SLIDE Platinum Multi-Cat Clumping Cat Litter, 14-Day Odor Control, EZ Clean Technology, 18 lbs – No Scrubbing, Powerful Odor Eliminator</p><p> -5% 0FF </p><p>$17.99 ($0.06 / fluid ounce)</p><a href="https://www.amazon.com/dp/B089LLHMQL?tag=eloabder-20&linkCode=osi&th=1&psc=1">View Product</a></div><div class="product"><a href="https://www.amazon.com/dp/B0D1LK2G5C?tag=eloabder-20&linkCode=osi&th=1&psc=1"><img src="https://m.media-amazon.com/images/I/41AT3luVpaL._SL500_.jpg" alt="Product Image"></a><p>Cat's Pride New Antibacterial Cat Litter: Destroys 99.9% of Odor-Causing Bacteria - Powerful Odor Control - Premium Lightweight Clumping Litter - Scented, 12 Pounds</p><p> -5% 0FF </p><p>$9.48 ($0.79 / pound)</p><a href="https://www.amazon.com/dp/B0D1LK2G5C?tag=eloabder-20&linkCode=osi&th=1&psc=1">View Product</a></div><div class="product"><a href="https://www.amazon.com/dp/B0DJDNXZYF?tag=eloabder-20&linkCode=osi&th=1&psc=1"><img src="https://m.media-amazon.com/images/I/51GV-bHkChL._SL500_.jpg" alt="Product Image"></a><p>Fresh Step Clumping Cat Litter, Heavy Duty Advanced, Long Lasting 30-Day Odor Control with Odor Eliminating Carbon, 17.5 lb</p><p> -8% 0FF </p><p>$16.80 ($0.96 / pound)</p><a href="https://www.amazon.com/dp/B0DJDNXZYF?tag=eloabder-20&linkCode=osi&th=1&psc=1">View Product</a></div>

<div class="product"><a href="https://www.amazon.com/dp/B0CGZ7N7J4?tag=eloabder-20&linkCode=osi&th=1&psc=1"><img src="https://m.media-amazon.com/images/I/41dGghK+AoL._SL500_.jpg" alt="Product Image"></a><p>Dokotoo Men Mens Fashion Sweatshirts Fall Winter Clothes Long Sleeve Lightweight Thin Shirt Geometric Texture Dressy Crewneck Pullover Sweaters Brown X-Large</p><p> -11% 0FF </p><p>$19.99</p><a href="https://www.amazon.com/dp/B0CGZ7N7J4?tag=eloabder-20&linkCode=osi&th=1&psc=1">View Product</a></div><div class="product"><a href="https://www.amazon.com/dp/B0D4DG71YH?tag=eloabder-20&linkCode=osi&th=1&psc=1"><img src="https://m.media-amazon.com/images/I/41KS7EqUoGL._SL500_.jpg" alt="Product Image"></a><p>JMIERR Men Sweatshirts Front Collar Comfy Simple Plain Long Sleeve Drawstring Hoodies for Men with Pocket Pullover Casual Fashion Winter Autumn Shirt Big and Tall Sweater, US60(5XL), Khaki</p><p> -14% 0FF </p><p>$29.99</p><a href="https://www.amazon.com/dp/B0D4DG71YH?tag=eloabder-20&linkCode=osi&th=1&psc=1">View Product</a></div>

<div class="product"><a href="https://www.amazon.com/dp/B00ACIGNMY?tag=eloabder-20&linkCode=osi&th=1&psc=1"><img src="https://m.media-amazon.com/images/I/41Je9e62ioL._SL500_.jpg" alt="Product Image"></a><p>Hanes Mens Tagless Briefs, Soft Moisture Wicking Underwear, 7-pack Briefs-underwear, Gray/Black - 7 Pack, Large US</p><p> -43% 0FF </p><p>$24.00</p><a href="https://www.amazon.com/dp/B00ACIGNMY?tag=eloabder-20&linkCode=osi&th=1&psc=1">View Product</a></div><div class="product"><a href="https://www.amazon.com/dp/B00L6TPSHY?tag=eloabder-20&linkCode=osi&th=1&psc=1"><img src="https://m.media-amazon.com/images/I/41mJ+iLWkdL._SL500_.jpg" alt="Product Image"></a><p>Hanes Men's 6-Pack Tagless No Ride Up Briefs with ComfortSoft Waistband, Assorted, Medium</p><p> -10% 0FF </p><p>$17.98</p><a href="https://www.amazon.com/dp/B00L6TPSHY?tag=eloabder-20&linkCode=osi&th=1&psc=1">View Product</a></div><div class="product"><a href="https://www.amazon.com/dp/B07814714H?tag=eloabder-20&linkCode=osi&th=1&psc=1"><img src="https://m.media-amazon.com/images/I/416IVo-7aSL._SL500_.jpg" alt="Product Image"></a><p>Gildan Men's Underwear Covered Waistband Boxer Briefs, Multipack, Mixed Garnet (5-Pack), Large</p><p> -27% 0FF </p><p>$13.09</p><a href="https://www.amazon.com/dp/B07814714H?tag=eloabder-20&linkCode=osi&th=1&psc=1">View Product</a></div>
<div class="product"><a href="https://www.amazon.com/dp/B07FTGY1XR?tag=eloabder-20&linkCode=osi&th=1&psc=1"><img src="https://m.media-amazon.com/images/I/41yHcW15a8L._SL500_.jpg" alt="Product Image"></a><p>NORTIV 8 Men's Insulated Waterproof Construction Hiking Winter Snow Boots,Size 10.5,Black/1,TUNDRA</p><p> -10% 0FF </p><p>$43.19</p><a href="https://www.amazon.com/dp/B07FTGY1XR?tag=eloabder-20&linkCode=osi&th=1&psc=1">View Product</a></div>
<div class="product"><a href="https://www.amazon.com/dp/B0B2JCJ6ZD?tag=eloabder-20&linkCode=osi&th=1&psc=1"><img src="https://m.media-amazon.com/images/I/41VdGeYGPxL._SL500_.jpg" alt="Product Image"></a><p>Bruno Marc Men's Casual Dress Sneaker Shoes, Business Formal Derby Plain Toe Oxfords Crossflex GentEdge,Size 11,Brown,SBOX223M</p><p> -21% 0FF </p><p>$36.54</p><a href="https://www.amazon.com/dp/B0B2JCJ6ZD?tag=eloabder-20&linkCode=osi&th=1&psc=1">View Product</a></div><div class="product"><a href="https://www.amazon.com/dp/B06XC8ZR39?tag=eloabder-20&linkCode=osi&th=1&psc=1"><img src="https://m.media-amazon.com/images/I/41zZ6LIDM7L._SL500_.jpg" alt="Product Image"></a><p>Bruno Marc Men's Dress Oxford Shoes Classic Lace Up Formal Shoes,Size 10.5,Black,DOWNING-02</p><p> -29% 0FF </p><p>$39.99</p><a href="https://www.amazon.com/dp/B06XC8ZR39?tag=eloabder-20&linkCode=osi&th=1&psc=1">View Product</a></div><div class="product"><a href="https://www.amazon.com/dp/B00SMJO8S6?tag=eloabder-20&linkCode=osi&th=1&psc=1"><img src="https://m.media-amazon.com/images/I/315NtaJJD+L._SL500_.jpg" alt="Product Image"></a><p>Clarks Men's Tilden Cap Oxford, Black Leather, 10</p><p> -20% 0FF </p><p>$72.00</p><a href="https://www.amazon.com/dp/B00SMJO8S6?tag=eloabder-20&linkCode=osi&th=1&psc=1">View Product</a></div><div class="product"><a href="https://www.amazon.com/dp/B0D7P3YQ41?tag=eloabder-20&linkCode=osi&th=1&psc=1"><img src="https://m.media-amazon.com/images/I/41HxmcfcX2L._SL500_.jpg" alt="Product Image"></a><p>Bruno Marc Men's MaxFlex Dress Sneakers Oxfords Casual Wingtip Brogue Shoes,Size 11,All Black,SBOX2326M</p><p> -15% 0FF </p><p>$39.09</p><a href="https://www.amazon.com/dp/B0D7P3YQ41?tag=eloabder-20&linkCode=osi&th=1&psc=1">View Product</a></div><div class="product"><a href="https://www.amazon.com/dp/B0007TQ9PY?tag=eloabder-20&linkCode=osi&th=1&psc=1"><img src="https://m.media-amazon.com/images/I/31CtT3W-TML._SL500_.jpg" alt="Product Image"></a><p>Dockers Men’s Gordon Leather Oxford Dress Shoe,Black,10.5 M US</p><p> -47% 0FF </p><p>$45.38</p><a href="https://www.amazon.com/dp/B0007TQ9PY?tag=eloabder-20&linkCode=osi&th=1&psc=1">View Product</a></div><div class="product"><a href="https://www.amazon.com/dp/B0BNWBCKG8?tag=eloabder-20&linkCode=osi&th=1&psc=1"><img src="https://m.media-amazon.com/images/I/31pDIP6AqsL._SL500_.jpg" alt="Product Image"></a><p>Clarks Collection Men's Whiddon Cap Oxford, Mahogany Leather, 7.5 Medium US</p><p> -20% 0FF </p><p>$76.00</p><a href="https://www.amazon.com/dp/B0BNWBCKG8?tag=eloabder-20&linkCode=osi&th=1&psc=1">View Product</a></div><div class="product"><a href="https://www.amazon.com/dp/B01MQVSJVP?tag=eloabder-20&linkCode=osi&th=1&psc=1"><img src="https://m.media-amazon.com/images/I/41nrqB4TeJL._SL500_.jpg" alt="Product Image"></a><p>Cole Haan Men's 2.Zerogrand Laser Wingtip Oxford, British tan/Java, 12</p><p> -17% 0FF </p><p>$139.95</p><a href="https://www.amazon.com/dp/B01MQVSJVP?tag=eloabder-20&linkCode=osi&th=1&psc=1">View Product</a></div><div class="product"><a href="https://www.amazon.com/dp/B01KAU0GZ8?tag=eloabder-20&linkCode=osi&th=1&psc=1"><img src="https://m.media-amazon.com/images/I/415oCa6tRWL._SL500_.jpg" alt="Product Image"></a><p>Bruno Marc Men's Leather Lined Dress Oxfords Shoes,Size 10.5,Brown,PRINCE-16</p><p> -28% 0FF </p><p>$37.99</p><a href="https://www.amazon.com/dp/B01KAU0GZ8?tag=eloabder-20&linkCode=osi&th=1&psc=1">View Product</a></div><div class="product"><a href="https://www.amazon.com/dp/B07TS4PZG1?tag=eloabder-20&linkCode=osi&th=1&psc=1"><img src="https://m.media-amazon.com/images/I/31l3YUpsjbL._SL500_.jpg" alt="Product Image"></a><p>Dr. Scholl's Men's Sync Plain Toe Dress Casual Oxford, Dark Brown Fearless, 9.5 Wide US</p><p> -32% 0FF </p><p>$65.00</p><a href="https://www.amazon.com/dp/B07TS4PZG1?tag=eloabder-20&linkCode=osi&th=1&psc=1">View Product</a></div>
<div class="product"><a href="https://www.amazon.com/dp/B0716GJZ4F?tag=eloabder-20&linkCode=osi&th=1&psc=1"><img src="https://m.media-amazon.com/images/I/51o8iPeFUOL._SL500_.jpg" alt="Product Image"></a><p>Dockers Men's Newpage Sandal briar 10 W US</p><p> -51% 0FF </p><p>$34.48</p><a href="https://www.amazon.com/dp/B0716GJZ4F?tag=eloabder-20&linkCode=osi&th=1&psc=1">View Product</a></div><div class="product"><a href="https://www.amazon.com/dp/B09ZF3H6LN?tag=eloabder-20&linkCode=osi&th=1&psc=1"><img src="https://m.media-amazon.com/images/I/41EpoR9OprL._SL500_.jpg" alt="Product Image"></a><p>KuaiLu Men's Leather Flip Flops Arch Support Summer Beach Pool Water Thong Sandals Waterproof Rubber Walking Shoes Slip on Orthotic Casual Sport Cushioned Wide Slides Shower Slippers Brown Size 10.5</p><p> -25% 0FF </p><p>$14.99</p><a href="https://www.amazon.com/dp/B09ZF3H6LN?tag=eloabder-20&linkCode=osi&th=1&psc=1">View Product</a></div><div class="product"><a href="https://www.amazon.com/dp/B08R3GHLNH?tag=eloabder-20&linkCode=osi&th=1&psc=1"><img src="https://m.media-amazon.com/images/I/41VT1u9LgbL._SL500_.jpg" alt="Product Image"></a><p>FITORY Mens Sandals, Arch Support Slides with Adjustable Buckle Straps and Cork Footbed Brown Size 10</p><p> -45% 0FF </p><p>$27.54</p><a href="https://www.amazon.com/dp/B08R3GHLNH?tag=eloabder-20&linkCode=osi&th=1&psc=1">View Product</a></div><div class="product"><a href="https://www.amazon.com/dp/B07CZ54WT4?tag=eloabder-20&linkCode=osi&th=1&psc=1"><img src="https://m.media-amazon.com/images/I/31iUYzt74kL._SL500_.jpg" alt="Product Image"></a><p>Reef Cushion Phantom Men's Sandals Brown/tan - 11 Medium</p><p> -33% 0FF </p><p>$39.97</p><a href="https://www.amazon.com/dp/B07CZ54WT4?tag=eloabder-20&linkCode=osi&th=1&psc=1">View Product</a></div><div class="product"><a href="https://www.amazon.com/dp/B00ZUY6YZQ?tag=eloabder-20&linkCode=osi&th=1&psc=1"><img src="https://m.media-amazon.com/images/I/31G+uOysh5L._SL500_.jpg" alt="Product Image"></a><p>Reef Fanning Sandals - Men's, Black/Silver 12 M</p><p> -35% 0FF </p><p>$41.94</p><a href="https://www.amazon.com/dp/B00ZUY6YZQ?tag=eloabder-20&linkCode=osi&th=1&psc=1">View Product</a></div><div class="product"><a href="https://www.amazon.com/dp/B01M3RJ93F?tag=eloabder-20&linkCode=osi&th=1&psc=1"><img src="https://m.media-amazon.com/images/I/310dfFkW6rL._SL500_.jpg" alt="Product Image"></a><p>Dockers Men's Sunland Slide Sandal, Black, 10</p><p> -51% 0FF </p><p>$34.19</p><a href="https://www.amazon.com/dp/B01M3RJ93F?tag=eloabder-20&linkCode=osi&th=1&psc=1">View Product</a></div><div class="product"><a href="https://www.amazon.com/dp/B07X3FKWYS?tag=eloabder-20&linkCode=osi&th=1&psc=1"><img src="https://m.media-amazon.com/images/I/414ynAyoIjL._SL500_.jpg" alt="Product Image"></a><p>Jousen Men's Sandals Leather Open Toe Beach Sandal Dark Brown Outdoor Summer Sport Sandals (AMY662 Dark Brown 10)</p><p> -28% 0FF </p><p>$32.99</p><a href="https://www.amazon.com/dp/B07X3FKWYS?tag=eloabder-20&linkCode=osi&th=1&psc=1">View Product</a></div><div class="product"><a href="https://www.amazon.com/dp/B07BPZKSJZ?tag=eloabder-20&linkCode=osi&th=1&psc=1"><img src="https://m.media-amazon.com/images/I/51OgnHDzWTL._SL500_.jpg" alt="Product Image"></a><p>BINSHUN Sandals for Men Leather Hiking Sandals Athletic Walking Sports Fisherman Beach Shoes with Closed Toe</p><p> -10% 0FF </p><p>$29.87</p><a href="https://www.amazon.com/dp/B07BPZKSJZ?tag=eloabder-20&linkCode=osi&th=1&psc=1">View Product</a></div><div class="product"><a href="https://www.amazon.com/dp/B08YR1F8LQ?tag=eloabder-20&linkCode=osi&th=1&psc=1"><img src="https://m.media-amazon.com/images/I/41hSD6Adm1L._SL500_.jpg" alt="Product Image"></a><p>KuaiLu Mens Leather Sport Flip Flops Comfort Orthotic Thong Sandals with Plantar Fasciitis Arch Support for Outdoor Summer</p><p> -22% 0FF </p><p>$27.99</p><a href="https://www.amazon.com/dp/B08YR1F8LQ?tag=eloabder-20&linkCode=osi&th=1&psc=1">View Product</a></div>
<div class="product"><a href="https://www.amazon.com/dp/B09M3Z63QP?tag=eloabder-20&linkCode=osi&th=1&psc=1"><img src="https://m.media-amazon.com/images/I/51xLtsQ3QuL._SL500_.jpg" alt="Product Image"></a><p>RUNBOX Men's Wallets 15 Card Holder Slim Rfid Leather 2 ID Window With Gift Box Men's Accessories</p><p> -32% 0FF </p><p>$14.99</p><a href="https://www.amazon.com/dp/B09M3Z63QP?tag=eloabder-20&linkCode=osi&th=1&psc=1">View Product</a></div><div class="product"><a href="https://www.amazon.com/dp/B092VR48NK?tag=eloabder-20&linkCode=osi&th=1&psc=1"><img src="https://m.media-amazon.com/images/I/519fN7eFdjL._SL500_.jpg" alt="Product Image"></a><p>RUNBOX Novelty Wallet for Men Slim 11 Credit Card Holder Slots Leather RFID Blocking Small Thin Men's Wallet Bifold Minimalist Front Pocket Large Capacity Gift Box</p><p> -60% 0FF </p><p>$11.99</p><a href="https://www.amazon.com/dp/B092VR48NK?tag=eloabder-20&linkCode=osi&th=1&psc=1">View Product</a></div><div class="product"><a href="https://www.amazon.com/dp/B0FCFLBPRZ?tag=eloabder-20&linkCode=osi&th=1&psc=1"><img src="https://m.media-amazon.com/images/I/41H9+SOX03L._SL500_.jpg" alt="Product Image"></a><p>Wallet for Men, RFID Wallet with Money Clip & ID Window, Minimalist Pop Up Credit Card Case Holder 10-12 Cards, Bifold Slim Smart Wallet for Front Pocket, Compact Metal Wallets, Gifts for Men, Carbon</p><p> -49% 0FF </p><p>$18.99</p><a href="https://www.amazon.com/dp/B0FCFLBPRZ?tag=eloabder-20&linkCode=osi&th=1&psc=1">View Product</a></div>
<div class="product"><a href="https://www.amazon.com/dp/B0BW8Q72R5?tag=eloabder-20&linkCode=osi&th=1&psc=1"><img src="https://m.media-amazon.com/images/I/41XQ7S39MmL._SL500_.jpg" alt="Product Image"></a><p>CARITATE Black Beaded Bracelets for Men Boys - 6mm Obsidian Onyx Lava Beads Mens Bracelet Set Mens Jewelry - Cool Anniversary Valentines Fathers Birthday Gifts for Him Boyfriend Husband Man Son Dad</p><p> -20% 0FF </p><p>$11.19</p><a href="https://www.amazon.com/dp/B0BW8Q72R5?tag=eloabder-20&linkCode=osi&th=1&psc=1">View Product</a></div><div class="product"><a href="https://www.amazon.com/dp/B0D47HNYR7?tag=eloabder-20&linkCode=osi&th=1&psc=1"><img src="https://m.media-amazon.com/images/I/21p1U2mzHKL._SL500_.jpg" alt="Product Image"></a><p>YANCHUN Necklace for Men Stocking Stuffers Black Beaded Puka Shell Necklaces Chain Christmas Gifts for Men Jewelry Gift for Dad Son Husband Boyfriend</p><p> -17% 0FF </p><p>$9.99</p><a href="https://www.amazon.com/dp/B0D47HNYR7?tag=eloabder-20&linkCode=osi&th=1&psc=1">View Product</a></div>

<div class="product"><a href="https://www.amazon.com/dp/B0CGZ7N7J4?tag=eloabder-20&linkCode=osi&th=1&psc=1"><img src="https://m.media-amazon.com/images/I/41dGghK+AoL._SL500_.jpg" alt="Product Image"></a><p>Dokotoo Men Mens Fashion Sweatshirts Fall Winter Clothes Long Sleeve Lightweight Thin Shirt Geometric Texture Dressy Crewneck Pullover Sweaters Brown X-Large</p><p> -11% 0FF </p><p>$19.99</p><a href="https://www.amazon.com/dp/B0CGZ7N7J4?tag=eloabder-20&linkCode=osi&th=1&psc=1">View Product</a></div><div class="product"><a href="https://www.amazon.com/dp/B0D4DG71YH?tag=eloabder-20&linkCode=osi&th=1&psc=1"><img src="https://m.media-amazon.com/images/I/41KS7EqUoGL._SL500_.jpg" alt="Product Image"></a><p>JMIERR Men Sweatshirts Front Collar Comfy Simple Plain Long Sleeve Drawstring Hoodies for Men with Pocket Pullover Casual Fashion Winter Autumn Shirt Big and Tall Sweater, US60(5XL), Khaki</p><p> -14% 0FF </p><p>$29.99</p><a href="https://www.amazon.com/dp/B0D4DG71YH?tag=eloabder-20&linkCode=osi&th=1&psc=1">View Product</a></div>

<div class="product"><a href="https://www.amazon.com/dp/B00ACIGNMY?tag=eloabder-20&linkCode=osi&th=1&psc=1"><img src="https://m.media-amazon.com/images/I/41Je9e62ioL._SL500_.jpg" alt="Product Image"></a><p>Hanes Mens Tagless Briefs, Soft Moisture Wicking Underwear, 7-pack Briefs-underwear, Gray/Black - 7 Pack, Large US</p><p> -43% 0FF </p><p>$24.00</p><a href="https://www.amazon.com/dp/B00ACIGNMY?tag=eloabder-20&linkCode=osi&th=1&psc=1">View Product</a></div><div class="product"><a href="https://www.amazon.com/dp/B00L6TPSHY?tag=eloabder-20&linkCode=osi&th=1&psc=1"><img src="https://m.media-amazon.com/images/I/41mJ+iLWkdL._SL500_.jpg" alt="Product Image"></a><p>Hanes Men's 6-Pack Tagless No Ride Up Briefs with ComfortSoft Waistband, Assorted, Medium</p><p> -10% 0FF </p><p>$17.98</p><a href="https://www.amazon.com/dp/B00L6TPSHY?tag=eloabder-20&linkCode=osi&th=1&psc=1">View Product</a></div><div class="product"><a href="https://www.amazon.com/dp/B07814714H?tag=eloabder-20&linkCode=osi&th=1&psc=1"><img src="https://m.media-amazon.com/images/I/416IVo-7aSL._SL500_.jpg" alt="Product Image"></a><p>Gildan Men's Underwear Covered Waistband Boxer Briefs, Multipack, Mixed Garnet (5-Pack), Large</p><p> -27% 0FF </p><p>$13.09</p><a href="https://www.amazon.com/dp/B07814714H?tag=eloabder-20&linkCode=osi&th=1&psc=1">View Product</a></div>
<div class="product"><a href="https://www.amazon.com/dp/B07FTGY1XR?tag=eloabder-20&linkCode=osi&th=1&psc=1"><img src="https://m.media-amazon.com/images/I/41yHcW15a8L._SL500_.jpg" alt="Product Image"></a><p>NORTIV 8 Men's Insulated Waterproof Construction Hiking Winter Snow Boots,Size 10.5,Black/1,TUNDRA</p><p> -10% 0FF </p><p>$43.19</p><a href="https://www.amazon.com/dp/B07FTGY1XR?tag=eloabder-20&linkCode=osi&th=1&psc=1">View Product</a></div>
<div class="product"><a href="https://www.amazon.com/dp/B0B2JCJ6ZD?tag=eloabder-20&linkCode=osi&th=1&psc=1"><img src="https://m.media-amazon.com/images/I/41VdGeYGPxL._SL500_.jpg" alt="Product Image"></a><p>Bruno Marc Men's Casual Dress Sneaker Shoes, Business Formal Derby Plain Toe Oxfords Crossflex GentEdge,Size 11,Brown,SBOX223M</p><p> -21% 0FF </p><p>$36.54</p><a href="https://www.amazon.com/dp/B0B2JCJ6ZD?tag=eloabder-20&linkCode=osi&th=1&psc=1">View Product</a></div><div class="product"><a href="https://www.amazon.com/dp/B06XC8ZR39?tag=eloabder-20&linkCode=osi&th=1&psc=1"><img src="https://m.media-amazon.com/images/I/41zZ6LIDM7L._SL500_.jpg" alt="Product Image"></a><p>Bruno Marc Men's Dress Oxford Shoes Classic Lace Up Formal Shoes,Size 10.5,Black,DOWNING-02</p><p> -29% 0FF </p><p>$39.99</p><a href="https://www.amazon.com/dp/B06XC8ZR39?tag=eloabder-20&linkCode=osi&th=1&psc=1">View Product</a></div><div class="product"><a href="https://www.amazon.com/dp/B00SMJO8S6?tag=eloabder-20&linkCode=osi&th=1&psc=1"><img src="https://m.media-amazon.com/images/I/315NtaJJD+L._SL500_.jpg" alt="Product Image"></a><p>Clarks Men's Tilden Cap Oxford, Black Leather, 10</p><p> -20% 0FF </p><p>$72.00</p><a href="https://www.amazon.com/dp/B00SMJO8S6?tag=eloabder-20&linkCode=osi&th=1&psc=1">View Product</a></div><div class="product"><a href="https://www.amazon.com/dp/B0D7P3YQ41?tag=eloabder-20&linkCode=osi&th=1&psc=1"><img src="https://m.media-amazon.com/images/I/41HxmcfcX2L._SL500_.jpg" alt="Product Image"></a><p>Bruno Marc Men's MaxFlex Dress Sneakers Oxfords Casual Wingtip Brogue Shoes,Size 11,All Black,SBOX2326M</p><p> -15% 0FF </p><p>$39.09</p><a href="https://www.amazon.com/dp/B0D7P3YQ41?tag=eloabder-20&linkCode=osi&th=1&psc=1">View Product</a></div><div class="product"><a href="https://www.amazon.com/dp/B0007TQ9PY?tag=eloabder-20&linkCode=osi&th=1&psc=1"><img src="https://m.media-amazon.com/images/I/31CtT3W-TML._SL500_.jpg" alt="Product Image"></a><p>Dockers Men’s Gordon Leather Oxford Dress Shoe,Black,10.5 M US</p><p> -47% 0FF </p><p>$45.38</p><a href="https://www.amazon.com/dp/B0007TQ9PY?tag=eloabder-20&linkCode=osi&th=1&psc=1">View Product</a></div><div class="product"><a href="https://www.amazon.com/dp/B0BNWBCKG8?tag=eloabder-20&linkCode=osi&th=1&psc=1"><img src="https://m.media-amazon.com/images/I/31pDIP6AqsL._SL500_.jpg" alt="Product Image"></a><p>Clarks Collection Men's Whiddon Cap Oxford, Mahogany Leather, 7.5 Medium US</p><p> -20% 0FF </p><p>$76.00</p><a href="https://www.amazon.com/dp/B0BNWBCKG8?tag=eloabder-20&linkCode=osi&th=1&psc=1">View Product</a></div><div class="product"><a href="https://www.amazon.com/dp/B01MQVSJVP?tag=eloabder-20&linkCode=osi&th=1&psc=1"><img src="https://m.media-amazon.com/images/I/41nrqB4TeJL._SL500_.jpg" alt="Product Image"></a><p>Cole Haan Men's 2.Zerogrand Laser Wingtip Oxford, British tan/Java, 12</p><p> -17% 0FF </p><p>$139.95</p><a href="https://www.amazon.com/dp/B01MQVSJVP?tag=eloabder-20&linkCode=osi&th=1&psc=1">View Product</a></div><div class="product"><a href="https://www.amazon.com/dp/B01KAU0GZ8?tag=eloabder-20&linkCode=osi&th=1&psc=1"><img src="https://m.media-amazon.com/images/I/415oCa6tRWL._SL500_.jpg" alt="Product Image"></a><p>Bruno Marc Men's Leather Lined Dress Oxfords Shoes,Size 10.5,Brown,PRINCE-16</p><p> -28% 0FF </p><p>$37.99</p><a href="https://www.amazon.com/dp/B01KAU0GZ8?tag=eloabder-20&linkCode=osi&th=1&psc=1">View Product</a></div><div class="product"><a href="https://www.amazon.com/dp/B07TS4PZG1?tag=eloabder-20&linkCode=osi&th=1&psc=1"><img src="https://m.media-amazon.com/images/I/31l3YUpsjbL._SL500_.jpg" alt="Product Image"></a><p>Dr. Scholl's Men's Sync Plain Toe Dress Casual Oxford, Dark Brown Fearless, 9.5 Wide US</p><p> -32% 0FF </p><p>$65.00</p><a href="https://www.amazon.com/dp/B07TS4PZG1?tag=eloabder-20&linkCode=osi&th=1&psc=1">View Product</a></div>
<div class="product"><a href="https://www.amazon.com/dp/B0716GJZ4F?tag=eloabder-20&linkCode=osi&th=1&psc=1"><img src="https://m.media-amazon.com/images/I/51o8iPeFUOL._SL500_.jpg" alt="Product Image"></a><p>Dockers Men's Newpage Sandal briar 10 W US</p><p> -51% 0FF </p><p>$34.48</p><a href="https://www.amazon.com/dp/B0716GJZ4F?tag=eloabder-20&linkCode=osi&th=1&psc=1">View Product</a></div><div class="product"><a href="https://www.amazon.com/dp/B09ZF3H6LN?tag=eloabder-20&linkCode=osi&th=1&psc=1"><img src="https://m.media-amazon.com/images/I/41EpoR9OprL._SL500_.jpg" alt="Product Image"></a><p>KuaiLu Men's Leather Flip Flops Arch Support Summer Beach Pool Water Thong Sandals Waterproof Rubber Walking Shoes Slip on Orthotic Casual Sport Cushioned Wide Slides Shower Slippers Brown Size 10.5</p><p> -25% 0FF </p><p>$14.99</p><a href="https://www.amazon.com/dp/B09ZF3H6LN?tag=eloabder-20&linkCode=osi&th=1&psc=1">View Product</a></div><div class="product"><a href="https://www.amazon.com/dp/B08R3GHLNH?tag=eloabder-20&linkCode=osi&th=1&psc=1"><img src="https://m.media-amazon.com/images/I/41VT1u9LgbL._SL500_.jpg" alt="Product Image"></a><p>FITORY Mens Sandals, Arch Support Slides with Adjustable Buckle Straps and Cork Footbed Brown Size 10</p><p> -45% 0FF </p><p>$27.54</p><a href="https://www.amazon.com/dp/B08R3GHLNH?tag=eloabder-20&linkCode=osi&th=1&psc=1">View Product</a></div><div class="product"><a href="https://www.amazon.com/dp/B07CZ54WT4?tag=eloabder-20&linkCode=osi&th=1&psc=1"><img src="https://m.media-amazon.com/images/I/31iUYzt74kL._SL500_.jpg" alt="Product Image"></a><p>Reef Cushion Phantom Men's Sandals Brown/tan - 11 Medium</p><p> -33% 0FF </p><p>$39.97</p><a href="https://www.amazon.com/dp/B07CZ54WT4?tag=eloabder-20&linkCode=osi&th=1&psc=1">View Product</a></div><div class="product"><a href="https://www.amazon.com/dp/B00ZUY6YZQ?tag=eloabder-20&linkCode=osi&th=1&psc=1"><img src="https://m.media-amazon.com/images/I/31G+uOysh5L._SL500_.jpg" alt="Product Image"></a><p>Reef Fanning Sandals - Men's, Black/Silver 12 M</p><p> -35% 0FF </p><p>$41.94</p><a href="https://www.amazon.com/dp/B00ZUY6YZQ?tag=eloabder-20&linkCode=osi&th=1&psc=1">View Product</a></div><div class="product"><a href="https://www.amazon.com/dp/B01M3RJ93F?tag=eloabder-20&linkCode=osi&th=1&psc=1"><img src="https://m.media-amazon.com/images/I/310dfFkW6rL._SL500_.jpg" alt="Product Image"></a><p>Dockers Men's Sunland Slide Sandal, Black, 10</p><p> -51% 0FF </p><p>$34.19</p><a href="https://www.amazon.com/dp/B01M3RJ93F?tag=eloabder-20&linkCode=osi&th=1&psc=1">View Product</a></div><div class="product"><a href="https://www.amazon.com/dp/B07X3FKWYS?tag=eloabder-20&linkCode=osi&th=1&psc=1"><img src="https://m.media-amazon.com/images/I/414ynAyoIjL._SL500_.jpg" alt="Product Image"></a><p>Jousen Men's Sandals Leather Open Toe Beach Sandal Dark Brown Outdoor Summer Sport Sandals (AMY662 Dark Brown 10)</p><p> -28% 0FF </p><p>$32.99</p><a href="https://www.amazon.com/dp/B07X3FKWYS?tag=eloabder-20&linkCode=osi&th=1&psc=1">View Product</a></div><div class="product"><a href="https://www.amazon.com/dp/B07BPZKSJZ?tag=eloabder-20&linkCode=osi&th=1&psc=1"><img src="https://m.media-amazon.com/images/I/51OgnHDzWTL._SL500_.jpg" alt="Product Image"></a><p>BINSHUN Sandals for Men Leather Hiking Sandals Athletic Walking Sports Fisherman Beach Shoes with Closed Toe</p><p> -10% 0FF </p><p>$29.87</p><a href="https://www.amazon.com/dp/B07BPZKSJZ?tag=eloabder-20&linkCode=osi&th=1&psc=1">View Product</a></div><div class="product"><a href="https://www.amazon.com/dp/B08YR1F8LQ?tag=eloabder-20&linkCode=osi&th=1&psc=1"><img src="https://m.media-amazon.com/images/I/41hSD6Adm1L._SL500_.jpg" alt="Product Image"></a><p>KuaiLu Mens Leather Sport Flip Flops Comfort Orthotic Thong Sandals with Plantar Fasciitis Arch Support for Outdoor Summer</p><p> -22% 0FF </p><p>$27.99</p><a href="https://www.amazon.com/dp/B08YR1F8LQ?tag=eloabder-20&linkCode=osi&th=1&psc=1">View Product</a></div>
<div class="product"><a href="https://www.amazon.com/dp/B09M3Z63QP?tag=eloabder-20&linkCode=osi&th=1&psc=1"><img src="https://m.media-amazon.com/images/I/51xLtsQ3QuL._SL500_.jpg" alt="Product Image"></a><p>RUNBOX Men's Wallets 15 Card Holder Slim Rfid Leather 2 ID Window With Gift Box Men's Accessories</p><p> -32% 0FF </p><p>$14.99</p><a href="https://www.amazon.com/dp/B09M3Z63QP?tag=eloabder-20&linkCode=osi&th=1&psc=1">View Product</a></div><div class="product"><a href="https://www.amazon.com/dp/B092VR48NK?tag=eloabder-20&linkCode=osi&th=1&psc=1"><img src="https://m.media-amazon.com/images/I/519fN7eFdjL._SL500_.jpg" alt="Product Image"></a><p>RUNBOX Novelty Wallet for Men Slim 11 Credit Card Holder Slots Leather RFID Blocking Small Thin Men's Wallet Bifold Minimalist Front Pocket Large Capacity Gift Box</p><p> -60% 0FF </p><p>$11.99</p><a href="https://www.amazon.com/dp/B092VR48NK?tag=eloabder-20&linkCode=osi&th=1&psc=1">View Product</a></div><div class="product"><a href="https://www.amazon.com/dp/B0FCFLBPRZ?tag=eloabder-20&linkCode=osi&th=1&psc=1"><img src="https://m.media-amazon.com/images/I/41H9+SOX03L._SL500_.jpg" alt="Product Image"></a><p>Wallet for Men, RFID Wallet with Money Clip & ID Window, Minimalist Pop Up Credit Card Case Holder 10-12 Cards, Bifold Slim Smart Wallet for Front Pocket, Compact Metal Wallets, Gifts for Men, Carbon</p><p> -49% 0FF </p><p>$18.99</p><a href="https://www.amazon.com/dp/B0FCFLBPRZ?tag=eloabder-20&linkCode=osi&th=1&psc=1">View Product</a></div>
<div class="product"><a href="https://www.amazon.com/dp/B0BW8Q72R5?tag=eloabder-20&linkCode=osi&th=1&psc=1"><img src="https://m.media-amazon.com/images/I/41XQ7S39MmL._SL500_.jpg" alt="Product Image"></a><p>CARITATE Black Beaded Bracelets for Men Boys - 6mm Obsidian Onyx Lava Beads Mens Bracelet Set Mens Jewelry - Cool Anniversary Valentines Fathers Birthday Gifts for Him Boyfriend Husband Man Son Dad</p><p> -20% 0FF </p><p>$11.19</p><a href="https://www.amazon.com/dp/B0BW8Q72R5?tag=eloabder-20&linkCode=osi&th=1&psc=1">View Product</a></div><div class="product"><a href="https://www.amazon.com/dp/B0D47HNYR7?tag=eloabder-20&linkCode=osi&th=1&psc=1"><img src="https://m.media-amazon.com/images/I/21p1U2mzHKL._SL500_.jpg" alt="Product Image"></a><p>YANCHUN Necklace for Men Stocking Stuffers Black Beaded Puka Shell Necklaces Chain Christmas Gifts for Men Jewelry Gift for Dad Son Husband Boyfriend</p><p> -17% 0FF </p><p>$9.99</p><a href="https://www.amazon.com/dp/B0D47HNYR7?tag=eloabder-20&linkCode=osi&th=1&psc=1">View Product</a></div>
<div class="product"><a href="https://www.amazon.com/dp/B0DRCKRXFY?tag=eloabder-20&linkCode=osi&th=1&psc=1"><img src="https://m.media-amazon.com/images/I/41uAEGF-aKL._SL500_.jpg" alt="Product Image"></a><p>Romass 4Pcs Cross Necklace for Men,Stainless Steel Chains for Men Layered Necklaces Silver Gold Black Pendant Jewelry Box Gifts 18-24 Inches (4Pcs 18in/20in, Silver+Black)</p><p> -17% 0FF </p><p>$9.99</p><a href="https://www.amazon.com/dp/B0DRCKRXFY?tag=eloabder-20&linkCode=osi&th=1&psc=1">View Product</a></div><div class="product"><a href="https://www.amazon.com/dp/B07MMTTSYZ?tag=eloabder-20&linkCode=osi&th=1&psc=1"><img src="https://m.media-amazon.com/images/I/41TaHHkYRzL._SL500_.jpg" alt="Product Image"></a><p>Jstyle Stainless Steel Pendant Necklace For Mens Cool Spearpoint Arrowhead Pendant Chain Necklace Set Black & Silver Tone</p><p> -5% 0FF </p><p>$17.99</p><a href="https://www.amazon.com/dp/B07MMTTSYZ?tag=eloabder-20&linkCode=osi&th=1&psc=1">View Product</a></div><div class="product"><a href="https://www.amazon.com/dp/B0B6SBGWD1?tag=eloabder-20&linkCode=osi&th=1&psc=1"><img src="https://m.media-amazon.com/images/I/412V9xmzp9L._SL500_.jpg" alt="Product Image"></a><p>Yooblue Cross Necklace for Men - Stainless Steel Cross Chain Necklace for Men, Mens Jewelry Cross Pendant Cross Necklace, Layered Silver Chain for Men</p><p> -38% 0FF </p><p>$9.99</p><a href="https://www.amazon.com/dp/B0B6SBGWD1?tag=eloabder-20&linkCode=osi&th=1&psc=1">View Product</a></div><div class="product"><a href="https://www.amazon.com/dp/B0F9NQFZ3B?tag=eloabder-20&linkCode=osi&th=1&psc=1"><img src="https://m.media-amazon.com/images/I/31GB2zqKPlL._SL500_.jpg" alt="Product Image"></a><p>OLARCU 3.5mm Mens Silver Stainless Steel Cuban Link Chain Necklace for Men (3.5mm-Silver, 20 Inches)</p><p> -25% 0FF </p><p>$11.28</p><a href="https://www.amazon.com/dp/B0F9NQFZ3B?tag=eloabder-20&linkCode=osi&th=1&psc=1">View Product</a></div>

<div class="product"><a href="https://www.amazon.com/dp/B09K8YYVWV?tag=eloabder-20&linkCode=osi&th=1&psc=1"><img src="https://m.media-amazon.com/images/I/4123dxF1ijL._SL500_.jpg" alt="Product Image"></a><p>Blue Buffalo Life Protection Formula Natural Adult Dry Dog Food, Chicken and Brown Rice 5-lb Trial Size Bag</p><p> -17% 0FF </p><p>$14.98 ($3.00 / lb)</p><a href="https://www.amazon.com/dp/B09K8YYVWV?tag=eloabder-20&linkCode=osi&th=1&psc=1">View Product</a></div><div class="product"><a href="https://www.amazon.com/dp/B0000AH3QT?tag=eloabder-20&linkCode=osi&th=1&psc=1"><img src="https://m.media-amazon.com/images/I/41FXHOzdCWL._SL500_.jpg" alt="Product Image"></a><p>Purina ONE Chicken and Rice Formula Dry Dog Food - 8 lb. Bag</p><p> -9% 0FF </p><p>$16.28 ($2.04 / lb)</p><a href="https://www.amazon.com/dp/B0000AH3QT?tag=eloabder-20&linkCode=osi&th=1&psc=1">View Product</a></div><div class="product"><a href="https://www.amazon.com/dp/B09K9FDLFN?tag=eloabder-20&linkCode=osi&th=1&psc=1"><img src="https://m.media-amazon.com/images/I/41fn4P3zY0L._SL500_.jpg" alt="Product Image"></a><p>Blue Buffalo Life Protection Formula Natural Adult Small Breed Dry Dog Food, Chicken and Brown Rice 5-lb Trial Size Bag</p><p> -13% 0FF </p><p>$17.48 ($3.50 / lb)</p><a href="https://www.amazon.com/dp/B09K9FDLFN?tag=eloabder-20&linkCode=osi&th=1&psc=1">View Product</a></div><div class="product"><a href="https://www.amazon.com/dp/B009IOCCD2?tag=eloabder-20&linkCode=osi&th=1&psc=1"><img src="https://m.media-amazon.com/images/I/41hzdgAAhmL._SL500_.jpg" alt="Product Image"></a><p>Purina ONE Dry Dog Food Lamb and Rice Formula - 31.1 lb. Bag</p><p> -17% 0FF </p><p>$48.98 ($1.57 / lb)</p><a href="https://www.amazon.com/dp/B009IOCCD2?tag=eloabder-20&linkCode=osi&th=1&psc=1">View Product</a></div><div class="product"><a href="https://www.amazon.com/dp/B06WGLV27L?tag=eloabder-20&linkCode=osi&th=1&psc=1"><img src="https://m.media-amazon.com/images/I/41+bgu7zfAL._SL500_.jpg" alt="Product Image"></a><p>Nutrish Dry Dog Food, Real Beef, Pea & Brown Rice Recipe Whole Health Blend for Adult Dogs, 40 lb. Bag, Packaging May Vary (Rachael Ray)</p><p> -26% 0FF </p><p>$43.99 ($1.10 / lb)</p><a href="https://www.amazon.com/dp/B06WGLV27L?tag=eloabder-20&linkCode=osi&th=1&psc=1">View Product</a></div><div class="product"><a href="https://www.amazon.com/dp/B0009YWKUA?tag=eloabder-20&linkCode=osi&th=1&psc=1"><img src="https://m.media-amazon.com/images/I/41gZ78TZzBL._SL500_.jpg" alt="Product Image"></a><p>Blue Buffalo Life Protection Formula Adult Dry Dog Food, Helps Build and Maintain Strong Muscles, Made with Natural Ingredients, Chicken & Brown Rice Recipe, 30-lb. Bag</p><p> -11% 0FF </p><p>$66.99 ($2.23 / lb)</p><a href="https://www.amazon.com/dp/B0009YWKUA?tag=eloabder-20&linkCode=osi&th=1&psc=1">View Product</a></div><div class="product"><a href="https://www.amazon.com/dp/B0009YUGAG?tag=eloabder-20&linkCode=osi&th=1&psc=1"><img src="https://m.media-amazon.com/images/I/41s0BUVfCbL._SL500_.jpg" alt="Product Image"></a><p>Blue Buffalo Life Protection Formula Adult Dry Dog Food, Helps Build and Maintain Strong Muscles, Made with Natural Ingredients, Chicken & Brown Rice Recipe, 15-lb. Bag</p><p> -15% 0FF </p><p>$37.98 ($2.53 / lb)</p><a href="https://www.amazon.com/dp/B0009YUGAG?tag=eloabder-20&linkCode=osi&th=1&psc=1">View Product</a></div>
<div class="product"><a href="https://www.amazon.com/dp/B0BFPJJTR9?tag=eloabder-20&linkCode=osi&th=1&psc=1"><img src="https://m.media-amazon.com/images/I/511o77BB+6L._SL500_.jpg" alt="Product Image"></a><p>Joytale Dog Leash for Large Dogs, Heavy Duty Nylon Leashes with Comfortable Padded Handle and Highly Reflective Threads, Ideal for Walking and Training, Black, 6'×1/2''</p><p> -10% 0FF </p><p>$7.19</p><a href="https://www.amazon.com/dp/B0BFPJJTR9?tag=eloabder-20&linkCode=osi&th=1&psc=1">View Product</a></div><div class="product"><a href="https://www.amazon.com/dp/B076F7HM8T?tag=eloabder-20&linkCode=osi&th=1&psc=1"><img src="https://m.media-amazon.com/images/I/41Qlfdjpa1L._SL500_.jpg" alt="Product Image"></a><p>TUG 360° Tangle-Free Retractable Dog Leash | 16 ft Strong Nylon Tape | One-Handed Brake, Pause, Lock (Medium, White)</p><p> -12% 0FF </p><p>$18.99</p><a href="https://www.amazon.com/dp/B076F7HM8T?tag=eloabder-20&linkCode=osi&th=1&psc=1">View Product</a></div><div class="product"><a href="https://www.amazon.com/dp/B095C8RXSH?tag=eloabder-20&linkCode=osi&th=1&psc=1"><img src="https://m.media-amazon.com/images/I/518Mz7ChiHL._SL500_.jpg" alt="Product Image"></a><p>Taglory Rope Dog Leash 6 FT with Comfortable Padded Handle, Highly Reflective Threads Leash for Medium Large Dogs, 1/2 inch, Hotpink</p><p> -36% 0FF </p><p>$9.99 ($9.99 / count)</p><a href="https://www.amazon.com/dp/B095C8RXSH?tag=eloabder-20&linkCode=osi&th=1&psc=1">View Product</a></div><div class="product"><a href="https://www.amazon.com/dp/B078SLM45M?tag=eloabder-20&linkCode=osi&th=1&psc=1"><img src="https://m.media-amazon.com/images/I/41cyg8ILTTL._SL500_.jpg" alt="Product Image"></a><p>TUG 360° Tangle-Free Retractable Dog Leash | 16 ft Strong Nylon Tape | One-Handed Brake, Pause, Lock (Large, White)</p><p> -14% 0FF </p><p>$21.99</p><a href="https://www.amazon.com/dp/B078SLM45M?tag=eloabder-20&linkCode=osi&th=1&psc=1">View Product</a></div>
<div class="product"><a href="https://www.amazon.com/dp/B0DGL4H82X?tag=eloabder-20&linkCode=osi&th=1&psc=1"><img src="https://m.media-amazon.com/images/I/51pDCCmAQNL._SL500_.jpg" alt="Product Image"></a><p>Halypet Cat Harness and Leash Set [MAX Safety 4th-Gen Upgrade] Escape Proof Adjustable Cat Leash Comfortable Soft Vest Easy to Wear Kitten Harness with Reflective Strip for Cats Walking, M Black</p><p> -28% 0FF </p><p>$10.79</p><a href="https://www.amazon.com/dp/B0DGL4H82X?tag=eloabder-20&linkCode=osi&th=1&psc=1">View Product</a></div><div class="product"><a href="https://www.amazon.com/dp/B000OGRDK0?tag=eloabder-20&linkCode=osi&th=1&psc=1"><img src="https://m.media-amazon.com/images/I/31tfSFnHwmL._SL500_.jpg" alt="Product Image"></a><p>PetSafe Nylon Leash - Chew-Resistant Cat & Dog Behavioral Training Leash - Compatible with Easy-Walk Harness - Traditional-Style Reliable Pet Lead with a Padded Hand Wrap - 3/8" x 6' - Black</p><p> -15% 0FF </p><p>$4.24</p><a href="https://www.amazon.com/dp/B000OGRDK0?tag=eloabder-20&linkCode=osi&th=1&psc=1">View Product</a></div><div class="product"><a href="https://www.amazon.com/dp/B0DGL21M78?tag=eloabder-20&linkCode=osi&th=1&psc=1"><img src="https://m.media-amazon.com/images/I/51pDCCmAQNL._SL500_.jpg" alt="Product Image"></a><p>Halypet Cat Harness and Leash Set - MAX Safety 4th-Gen Upgrade, Escape Proof, Adjustable, Comfortable Soft Vest, Easy to Wear Kitten Harness with Reflective Strip for Cats Walking - Small Black</p><p> -25% 0FF </p><p>$11.24</p><a href="https://www.amazon.com/dp/B0DGL21M78?tag=eloabder-20&linkCode=osi&th=1&psc=1">View Product</a></div>
<div class="product"><a href="https://www.amazon.com/dp/B08CCG96FR?tag=eloabder-20&linkCode=osi&th=1&psc=1"><img src="https://m.media-amazon.com/images/I/519rYYNcfDL._SL500_.jpg" alt="Product Image"></a><p>Best Pet Supplies Voyager Step-in Air Harness - All Weather Mesh, Reflective, No Pull Harness for Dogs, Cats - Secure with Hook & Loop Fastener, Buckle, Double D-Rings - Fuchsia, S</p><p> -39% 0FF </p><p>$9.07</p><a href="https://www.amazon.com/dp/B08CCG96FR?tag=eloabder-20&linkCode=osi&th=1&psc=1">View Product</a></div><div class="product"><a href="https://www.amazon.com/dp/B0F134YP3R?tag=eloabder-20&linkCode=osi&th=1&psc=1"><img src="https://m.media-amazon.com/images/I/41WVEg4wn7L._SL500_.jpg" alt="Product Image"></a><p>Bruvoalon Heavy-Duty Tactical Dog Harness for Large Dogs, No Pull Adjustable Reflective K9 Vest with Molle System, 12 Colors & 4 Sizes, Military-Grade Control for Training, Outdoor & 10+ Breeds</p><p> -24% 0FF </p><p>$15.19</p><a href="https://www.amazon.com/dp/B0F134YP3R?tag=eloabder-20&linkCode=osi&th=1&psc=1">View Product</a></div><div class="product"><a href="https://www.amazon.com/dp/B0DGXJWK9J?tag=eloabder-20&linkCode=osi&th=1&psc=1"><img src="https://m.media-amazon.com/images/I/51mncolU3aL._SL500_.jpg" alt="Product Image"></a><p>SlowTon No Pull Dog Harness - Heavy Duty Dog Harness and Leash Set for Medium Large Dogs, Reflective Tactical Harness with Soft Padded and Front Clip for Easy Walk and Training (Black L)</p><p> -13% 0FF </p><p>$19.99</p><a href="https://www.amazon.com/dp/B0DGXJWK9J?tag=eloabder-20&linkCode=osi&th=1&psc=1">View Product</a></div><div class="product"><a href="https://www.amazon.com/dp/B0DRJYND78?tag=eloabder-20&linkCode=osi&th=1&psc=1"><img src="https://m.media-amazon.com/images/I/41NZVoj8wjL._SL500_.jpg" alt="Product Image"></a><p>Wisedog Reflective No Pull Dog Harness - Adjustable Lightweight Pet Vest with 3 Fast-Release Buckles for Dogs Walking, Running and Training(M, Orange)</p><p> -50% 0FF </p><p>$5.59</p><a href="https://www.amazon.com/dp/B0DRJYND78?tag=eloabder-20&linkCode=osi&th=1&psc=1">View Product</a></div><div class="product"><a href="https://www.amazon.com/dp/B0FFV1QZVJ?tag=eloabder-20&linkCode=osi&th=1&psc=1"><img src="https://m.media-amazon.com/images/I/41BPzHU2wsL._SL500_.jpg" alt="Product Image"></a><p>PWOD No Pull Dog Harness with 2 Leash Clips, Reflective Adjustable Soft Padded Vest with Handle, Breathable Oxford No Choke Pet Vest for Large Dogs, Black,L</p><p> -30% 0FF </p><p>$13.99</p><a href="https://www.amazon.com/dp/B0FFV1QZVJ?tag=eloabder-20&linkCode=osi&th=1&psc=1">View Product</a></div><div class="product"><a href="https://www.amazon.com/dp/B0792XS9B1?tag=eloabder-20&linkCode=osi&th=1&psc=1"><img src="https://m.media-amazon.com/images/I/510eqOLi1TL._SL500_.jpg" alt="Product Image"></a><p>PoyPet No Pull Dog Harness, No Choke Front Lead Dog Reflective Harness, Adjustable Soft Padded Pet Vest with Easy Control Handle for Small to Large Dogs(Pink, Medium)</p><p> -11% 0FF </p><p>$11.99 ($11.99 / count)</p><a href="https://www.amazon.com/dp/B0792XS9B1?tag=eloabder-20&linkCode=osi&th=1&psc=1">View Product</a></div>
<div class="product"><a href="https://www.amazon.com/dp/B08CCGRW5D?tag=eloabder-20&linkCode=osi&th=1&psc=1"><img src="https://m.media-amazon.com/images/I/519rYYNcfDL._SL500_.jpg" alt="Product Image"></a><p>Best Pet Supplies Voyager Step-in Air Harness - All Weather Mesh, Reflective, No Pull Harness for Dogs, Cats - Secure with Hook & Loop Fastener, Buckle, Double D-Rings - Fuchsia, M</p><p> -13% 0FF </p><p>$12.99</p><a href="https://www.amazon.com/dp/B08CCGRW5D?tag=eloabder-20&linkCode=osi&th=1&psc=1">View Product</a></div>
<div class="product"><a href="https://www.amazon.com/dp/B005CUTWDE?tag=eloabder-20&linkCode=osi&th=1&psc=1"><img src="https://m.media-amazon.com/images/I/41j4IEfx6wL._SL500_.jpg" alt="Product Image"></a><p>Wahl USA Dry Skin & Itch Relief Pet Shampoo for Dogs – Oatmeal Formula with Coconut Lime Verbena Scent & Pet Friendly Formula, 24 Oz - Model 820004A</p><p> -10% 0FF </p><p>$8.97</p><a href="https://www.amazon.com/dp/B005CUTWDE?tag=eloabder-20&linkCode=osi&th=1&psc=1">View Product</a></div><div class="product"><a href="https://www.amazon.com/dp/B0791LY9MW?tag=eloabder-20&linkCode=osi&th=1&psc=1"><img src="https://m.media-amazon.com/images/I/510j7m4z+0L._SL500_.jpg" alt="Product Image"></a><p>PAWFUME Deshedding Dog Shampoo and Conditioner, Show Dog, 1-Pack – Nourish & Detangle for Silky Soft Coat – Probiotic, Deep-Cleaning, pH-Balanced Formula – Salon-Quality Shampoo for Dogs</p><p> -13% 0FF </p><p>$13.99 ($1.17 / fluid ounce)</p><a href="https://www.amazon.com/dp/B0791LY9MW?tag=eloabder-20&linkCode=osi&th=1&psc=1">View Product</a></div><div class="product"><a href="https://www.amazon.com/dp/B079T3KSYL?tag=eloabder-20&linkCode=osi&th=1&psc=1"><img src="https://m.media-amazon.com/images/I/411+lEo81xL._SL500_.jpg" alt="Product Image"></a><p>Wahl USA 4-in-1 Calming Pet Shampoo for Dogs with a Lavender Chamomile Scent – Cleans, Conditions, Detangles, & Moisturizes - Pet Friendly Formula – 64 Oz - Model 821000-050</p><p> -10% 0FF </p><p>$21.53 ($0.34 / fluid ounce)</p><a href="https://www.amazon.com/dp/B079T3KSYL?tag=eloabder-20&linkCode=osi&th=1&psc=1">View Product</a></div><div class="product"><a href="https://www.amazon.com/dp/B079T44C3J?tag=eloabder-20&linkCode=osi&th=1&psc=1"><img src="https://m.media-amazon.com/images/I/41aKOigtAPL._SL500_.jpg" alt="Product Image"></a><p>Wahl USA Dry Skin & Itch Relief Pet Shampoo for Dogs – Oatmeal Formula with Coconut Lime Verbena Scent - 64 Oz - Model 821004-050</p><p> -18% 0FF </p><p>$16.48</p><a href="https://www.amazon.com/dp/B079T44C3J?tag=eloabder-20&linkCode=osi&th=1&psc=1">View Product</a></div><div class="product"><a href="https://www.amazon.com/dp/B0DF3W6L1Y?tag=eloabder-20&linkCode=osi&th=1&psc=1"><img src="https://m.media-amazon.com/images/I/314vZFKBT5L._SL500_.jpg" alt="Product Image"></a><p>MRS. MEYER'S Clean Day 3 in 1 Dog Shampoo, Sweet Chamomile Scent, 14oz</p><p> -25% 0FF </p><p>$13.54 ($0.97 / fluid ounce)</p><a href="https://www.amazon.com/dp/B0DF3W6L1Y?tag=eloabder-20&linkCode=osi&th=1&psc=1">View Product</a></div><div class="product"><a href="https://www.amazon.com/dp/B0DF3S2ZFQ?tag=eloabder-20&linkCode=osi&th=1&psc=1"><img src="https://m.media-amazon.com/images/I/31a6kZ5IHLL._SL500_.jpg" alt="Product Image"></a><p>MRS. MEYER'S Clean Day 3 in 1 Dog Shampoo, White Peach Scent, 14oz</p><p> -36% 0FF </p><p>$11.59 ($0.83 / fluid ounce)</p><a href="https://www.amazon.com/dp/B0DF3S2ZFQ?tag=eloabder-20&linkCode=osi&th=1&psc=1">View Product</a></div>
<div class="product"><a href="https://www.amazon.com/dp/B0002J1FOE?tag=eloabder-20&linkCode=osi&th=1&psc=1"><img src="https://m.media-amazon.com/images/I/41MQpL7i06L._SL500_.jpg" alt="Product Image"></a><p>FRONTLINE Plus Flea and Tick Treatment for Large Dogs Up to 45 to 88 lbs. 3 Treatments</p><p> -22% 0FF </p><p>$34.98 ($11.66 / count)</p><a href="https://www.amazon.com/dp/B0002J1FOE?tag=eloabder-20&linkCode=osi&th=1&psc=1">View Product</a></div><div class="product"><a href="https://www.amazon.com/dp/B0002J1F76?tag=eloabder-20&linkCode=osi&th=1&psc=1"><img src="https://m.media-amazon.com/images/I/41dCAf46o0L._SL500_.jpg" alt="Product Image"></a><p>FRONTLINE Plus Flea and Tick Treatment for Cats Over 1.5 lbs. 3 Treatments</p><p> -11% 0FF </p><p>$39.98 ($783.92 / fluid ounce)</p><a href="https://www.amazon.com/dp/B0002J1F76?tag=eloabder-20&linkCode=osi&th=1&psc=1">View Product</a></div><div class="product"><a href="https://www.amazon.com/dp/B0F2HPNQ1W?tag=eloabder-20&linkCode=osi&th=1&psc=1"><img src="https://m.media-amazon.com/images/I/51DP4EE9hiL._SL500_.jpg" alt="Product Image"></a><p>Chewable Flea and Tick Prevention for Dogs - 120 Soft Chews Made in USA - Oral Flea and Tick Control Pills for Small, Medium, Large Dogs and Puppies - Skin and Coat Supplement Treats for All Breeds</p><p> -29% 0FF </p><p>$19.99 ($0.17 / count)</p><a href="https://www.amazon.com/dp/B0F2HPNQ1W?tag=eloabder-20&linkCode=osi&th=1&psc=1">View Product</a></div><div class="product"><a href="https://www.amazon.com/dp/B0002J1FN0?tag=eloabder-20&linkCode=osi&th=1&psc=1"><img src="https://m.media-amazon.com/images/I/41Ife-kF7uL._SL500_.jpg" alt="Product Image"></a><p>FRONTLINE Plus Flea and Tick Treatment for Medium Dogs Up to 23 to 44 lbs. 3 Treatments</p><p> -11% 0FF </p><p>$39.98 ($13.33 / count)</p><a href="https://www.amazon.com/dp/B0002J1FN0?tag=eloabder-20&linkCode=osi&th=1&psc=1">View Product</a></div><div class="product"><a href="https://www.amazon.com/dp/B00WWP1MIK?tag=eloabder-20&linkCode=osi&th=1&psc=1"><img src="https://m.media-amazon.com/images/I/513P0basXRL._SL500_.jpg" alt="Product Image"></a><p>PetArmor Plus Flea and Tick Prevention for Dogs, Large Dog Flea and Tick Treatment, 3 Doses, Waterproof Topical, Fast Acting (45-88 lbs)</p><p> -37% 0FF </p><p>$18.30 ($6.10 / count)</p><a href="https://www.amazon.com/dp/B00WWP1MIK?tag=eloabder-20&linkCode=osi&th=1&psc=1">View Product</a></div>
<div class="product"><a href="https://www.amazon.com/dp/B0009X29WK?tag=eloabder-20&linkCode=osi&th=1&psc=1"><img src="https://m.media-amazon.com/images/I/51aLRVazcoL._SL500_.jpg" alt="Product Image"></a><p>Dr. Elsey's Ultra UnScented Clumping Clay Cat Litter 40 lb. Bag</p><p> -13% 0FF </p><p>$20.99 ($0.03 / fluid ounce)</p><a href="https://www.amazon.com/dp/B0009X29WK?tag=eloabder-20&linkCode=osi&th=1&psc=1">View Product</a></div><div class="product"><a href="https://www.amazon.com/dp/B089LLHMQL?tag=eloabder-20&linkCode=osi&th=1&psc=1"><img src="https://m.media-amazon.com/images/I/51WhnzWdn4L._SL500_.jpg" alt="Product Image"></a><p>ARM & HAMMER Clump & Seal SLIDE Platinum Multi-Cat Clumping Cat Litter, 14-Day Odor Control, EZ Clean Technology, 18 lbs – No Scrubbing, Powerful Odor Eliminator</p><p> -5% 0FF </p><p>$17.99 ($0.06 / fluid ounce)</p><a href="https://www.amazon.com/dp/B089LLHMQL?tag=eloabder-20&linkCode=osi&th=1&psc=1">View Product</a></div><div class="product"><a href="https://www.amazon.com/dp/B0D1LK2G5C?tag=eloabder-20&linkCode=osi&th=1&psc=1"><img src="https://m.media-amazon.com/images/I/41AT3luVpaL._SL500_.jpg" alt="Product Image"></a><p>Cat's Pride New Antibacterial Cat Litter: Destroys 99.9% of Odor-Causing Bacteria - Powerful Odor Control - Premium Lightweight Clumping Litter - Scented, 12 Pounds</p><p> -5% 0FF </p><p>$9.48 ($0.79 / pound)</p><a href="https://www.amazon.com/dp/B0D1LK2G5C?tag=eloabder-20&linkCode=osi&th=1&psc=1">View Product</a></div><div class="product"><a href="https://www.amazon.com/dp/B0DJDNXZYF?tag=eloabder-20&linkCode=osi&th=1&psc=1"><img src="https://m.media-amazon.com/images/I/51GV-bHkChL._SL500_.jpg" alt="Product Image"></a><p>Fresh Step Clumping Cat Litter, Heavy Duty Advanced, Long Lasting 30-Day Odor Control with Odor Eliminating Carbon, 17.5 lb</p><p> -8% 0FF </p><p>$16.80 ($0.96 / pound)</p><a href="https://www.amazon.com/dp/B0DJDNXZYF?tag=eloabder-20&linkCode=osi&th=1&psc=1">View Product</a></div>
<div class="product"><a href="https://www.amazon.com/dp/B0DCNNN5FC?tag=eloabder-20&linkCode=osi&th=1&psc=1"><img src="https://m.media-amazon.com/images/I/51LR5ZHaD4L._SL500_.jpg" alt="Product Image"></a><p>Frienhund Automatic Cat Feeder with 2K Camera: 5G WiFi Automatic Dog Feeder with Night Vision,Cat Food Dispenser with 7L Large Food Storage Container for Multiple Pet,Detachable for Easy Clean -29 Cup</p><p> -17% 0FF </p><p>$57.99</p><a href="https://www.amazon.com/dp/B0DCNNN5FC?tag=eloabder-20&linkCode=osi&th=1&psc=1">View Product</a></div><div class="product"><a href="https://www.amazon.com/dp/B09LD2CD1L?tag=eloabder-20&linkCode=osi&th=1&psc=1"><img src="https://m.media-amazon.com/images/I/31FCol5w8TL._SL500_.jpg" alt="Product Image"></a><p>VOLUAS Automatic Cat Feeders - Timed Pet Feeder for Cats and Dogs with Dry Food Dispenser, Desiccant Bag, Programmable Portion Control, 4 Daily Meals, 10s Voice Recorder</p><p> -27% 0FF </p><p>$39.98</p><a href="https://www.amazon.com/dp/B09LD2CD1L?tag=eloabder-20&linkCode=osi&th=1&psc=1">View Product</a></div><div class="product"><a href="https://www.amazon.com/dp/B0DT47H4JJ?tag=eloabder-20&linkCode=osi&th=1&psc=1"><img src="https://m.media-amazon.com/images/I/41sK3MB5zTL._SL500_.jpg" alt="Product Image"></a><p>Frienhund Automatic Cat Feeder 2 Cats with Slow Feed: Dual Automatic Dog Feeder with 5G WiFi, Cat Food Dispenser with APP Control for Multiple Pets, Detachable for Easy Clean, Double Pet Bowl - 29 Cup</p><p> -19% 0FF </p><p>$56.98</p><a href="https://www.amazon.com/dp/B0DT47H4JJ?tag=eloabder-20&linkCode=osi&th=1&psc=1">View Product</a></div><div class="product"><a href="https://www.amazon.com/dp/B0F9WLTTLC?tag=eloabder-20&linkCode=osi&th=1&psc=1"><img src="https://m.media-amazon.com/images/I/41oqhTdVBgL._SL500_.jpg" alt="Product Image"></a><p>HoneyGuaridan Automatic Cat Feeder for Two Cats, 5G WiFi Smart Feed Pet Feeder with Stainless Steel Bowl,APP Control Dispenser, Dual Power Supply,Desiccant Bag,10s Meal Call Black</p><p> -20% 0FF </p><p>$55.99</p><a href="https://www.amazon.com/dp/B0F9WLTTLC?tag=eloabder-20&linkCode=osi&th=1&psc=1">View Product</a></div><div class="product"><a href="https://www.amazon.com/dp/B09S8WMJY9?tag=eloabder-20&linkCode=osi&th=1&psc=1"><img src="https://m.media-amazon.com/images/I/41BhIBNEoGL._SL500_.jpg" alt="Product Image"></a><p>PETLIBRO Automatic Cat Feeder, 5G WiFi Automatic Dog Food Dispenser with Freshness Preservation, 5L Timed Pet Feeder with Low Food Sensor, Up to 10 Meals Per Day, Granary Black</p><p> -10% 0FF </p><p>$89.99</p><a href="https://www.amazon.com/dp/B09S8WMJY9?tag=eloabder-20&linkCode=osi&th=1&psc=1">View Product</a></div><div class="product"><a href="https://www.amazon.com/dp/B0DQLJJ5XT?tag=eloabder-20&linkCode=osi&th=1&psc=1"><img src="https://m.media-amazon.com/images/I/31AWcXWoThL._SL500_.jpg" alt="Product Image"></a><p>Dual Automatic Cat Feeder 2 Cats,6 Meals/Day,12 Portions/Meal,4.2L Dual Power Double Bowls Feeder,Dry Food Auto Pet Dispenser,10S Voice Record,Flexible Schedule Timer (Black,Stainless Dual Bowls)</p><p> -40% 0FF </p><p>$29.99</p><a href="https://www.amazon.com/dp/B0DQLJJ5XT?tag=eloabder-20&linkCode=osi&th=1&psc=1">View Product</a></div>

<div class="product"><a href="https://www.amazon.com/dp/B09K8YYVWV?tag=eloabder-20&linkCode=osi&th=1&psc=1"><img src="https://m.media-amazon.com/images/I/4123dxF1ijL._SL500_.jpg" alt="Product Image"></a><p>Blue Buffalo Life Protection Formula Natural Adult Dry Dog Food, Chicken and Brown Rice 5-lb Trial Size Bag</p><p> -17% 0FF </p><p>$14.98 ($3.00 / lb)</p><a href="https://www.amazon.com/dp/B09K8YYVWV?tag=eloabder-20&linkCode=osi&th=1&psc=1">View Product</a></div><div class="product"><a href="https://www.amazon.com/dp/B0000AH3QT?tag=eloabder-20&linkCode=osi&th=1&psc=1"><img src="https://m.media-amazon.com/images/I/41FXHOzdCWL._SL500_.jpg" alt="Product Image"></a><p>Purina ONE Chicken and Rice Formula Dry Dog Food - 8 lb. Bag</p><p> -9% 0FF </p><p>$16.28 ($2.04 / lb)</p><a href="https://www.amazon.com/dp/B0000AH3QT?tag=eloabder-20&linkCode=osi&th=1&psc=1">View Product</a></div><div class="product"><a href="https://www.amazon.com/dp/B09K9FDLFN?tag=eloabder-20&linkCode=osi&th=1&psc=1"><img src="https://m.media-amazon.com/images/I/41fn4P3zY0L._SL500_.jpg" alt="Product Image"></a><p>Blue Buffalo Life Protection Formula Natural Adult Small Breed Dry Dog Food, Chicken and Brown Rice 5-lb Trial Size Bag</p><p> -13% 0FF </p><p>$17.48 ($3.50 / lb)</p><a href="https://www.amazon.com/dp/B09K9FDLFN?tag=eloabder-20&linkCode=osi&th=1&psc=1">View Product</a></div><div class="product"><a href="https://www.amazon.com/dp/B009IOCCD2?tag=eloabder-20&linkCode=osi&th=1&psc=1"><img src="https://m.media-amazon.com/images/I/41hzdgAAhmL._SL500_.jpg" alt="Product Image"></a><p>Purina ONE Dry Dog Food Lamb and Rice Formula - 31.1 lb. Bag</p><p> -17% 0FF </p><p>$48.98 ($1.57 / lb)</p><a href="https://www.amazon.com/dp/B009IOCCD2?tag=eloabder-20&linkCode=osi&th=1&psc=1">View Product</a></div><div class="product"><a href="https://www.amazon.com/dp/B06WGLV27L?tag=eloabder-20&linkCode=osi&th=1&psc=1"><img src="https://m.media-amazon.com/images/I/41+bgu7zfAL._SL500_.jpg" alt="Product Image"></a><p>Nutrish Dry Dog Food, Real Beef, Pea & Brown Rice Recipe Whole Health Blend for Adult Dogs, 40 lb. Bag, Packaging May Vary (Rachael Ray)</p><p> -26% 0FF </p><p>$43.99 ($1.10 / lb)</p><a href="https://www.amazon.com/dp/B06WGLV27L?tag=eloabder-20&linkCode=osi&th=1&psc=1">View Product</a></div><div class="product"><a href="https://www.amazon.com/dp/B0009YWKUA?tag=eloabder-20&linkCode=osi&th=1&psc=1"><img src="https://m.media-amazon.com/images/I/41gZ78TZzBL._SL500_.jpg" alt="Product Image"></a><p>Blue Buffalo Life Protection Formula Adult Dry Dog Food, Helps Build and Maintain Strong Muscles, Made with Natural Ingredients, Chicken & Brown Rice Recipe, 30-lb. Bag</p><p> -11% 0FF </p><p>$66.99 ($2.23 / lb)</p><a href="https://www.amazon.com/dp/B0009YWKUA?tag=eloabder-20&linkCode=osi&th=1&psc=1">View Product</a></div><div class="product"><a href="https://www.amazon.com/dp/B0009YUGAG?tag=eloabder-20&linkCode=osi&th=1&psc=1"><img src="https://m.media-amazon.com/images/I/41s0BUVfCbL._SL500_.jpg" alt="Product Image"></a><p>Blue Buffalo Life Protection Formula Adult Dry Dog Food, Helps Build and Maintain Strong Muscles, Made with Natural Ingredients, Chicken & Brown Rice Recipe, 15-lb. Bag</p><p> -15% 0FF </p><p>$37.98 ($2.53 / lb)</p><a href="https://www.amazon.com/dp/B0009YUGAG?tag=eloabder-20&linkCode=osi&th=1&psc=1">View Product</a></div>
<div class="product"><a href="https://www.amazon.com/dp/B0BFPJJTR9?tag=eloabder-20&linkCode=osi&th=1&psc=1"><img src="https://m.media-amazon.com/images/I/511o77BB+6L._SL500_.jpg" alt="Product Image"></a><p>Joytale Dog Leash for Large Dogs, Heavy Duty Nylon Leashes with Comfortable Padded Handle and Highly Reflective Threads, Ideal for Walking and Training, Black, 6'×1/2''</p><p> -10% 0FF </p><p>$7.19</p><a href="https://www.amazon.com/dp/B0BFPJJTR9?tag=eloabder-20&linkCode=osi&th=1&psc=1">View Product</a></div><div class="product"><a href="https://www.amazon.com/dp/B076F7HM8T?tag=eloabder-20&linkCode=osi&th=1&psc=1"><img src="https://m.media-amazon.com/images/I/41Qlfdjpa1L._SL500_.jpg" alt="Product Image"></a><p>TUG 360° Tangle-Free Retractable Dog Leash | 16 ft Strong Nylon Tape | One-Handed Brake, Pause, Lock (Medium, White)</p><p> -12% 0FF </p><p>$18.99</p><a href="https://www.amazon.com/dp/B076F7HM8T?tag=eloabder-20&linkCode=osi&th=1&psc=1">View Product</a></div><div class="product"><a href="https://www.amazon.com/dp/B095C8RXSH?tag=eloabder-20&linkCode=osi&th=1&psc=1"><img src="https://m.media-amazon.com/images/I/518Mz7ChiHL._SL500_.jpg" alt="Product Image"></a><p>Taglory Rope Dog Leash 6 FT with Comfortable Padded Handle, Highly Reflective Threads Leash for Medium Large Dogs, 1/2 inch, Hotpink</p><p> -36% 0FF </p><p>$9.99 ($9.99 / count)</p><a href="https://www.amazon.com/dp/B095C8RXSH?tag=eloabder-20&linkCode=osi&th=1&psc=1">View Product</a></div><div class="product"><a href="https://www.amazon.com/dp/B078SLM45M?tag=eloabder-20&linkCode=osi&th=1&psc=1"><img src="https://m.media-amazon.com/images/I/41cyg8ILTTL._SL500_.jpg" alt="Product Image"></a><p>TUG 360° Tangle-Free Retractable Dog Leash | 16 ft Strong Nylon Tape | One-Handed Brake, Pause, Lock (Large, White)</p><p> -14% 0FF </p><p>$21.99</p><a href="https://www.amazon.com/dp/B078SLM45M?tag=eloabder-20&linkCode=osi&th=1&psc=1">View Product</a></div>
<div class="product"><a href="https://www.amazon.com/dp/B0DGL4H82X?tag=eloabder-20&linkCode=osi&th=1&psc=1"><img src="https://m.media-amazon.com/images/I/51pDCCmAQNL._SL500_.jpg" alt="Product Image"></a><p>Halypet Cat Harness and Leash Set [MAX Safety 4th-Gen Upgrade] Escape Proof Adjustable Cat Leash Comfortable Soft Vest Easy to Wear Kitten Harness with Reflective Strip for Cats Walking, M Black</p><p> -28% 0FF </p><p>$10.79</p><a href="https://www.amazon.com/dp/B0DGL4H82X?tag=eloabder-20&linkCode=osi&th=1&psc=1">View Product</a></div><div class="product"><a href="https://www.amazon.com/dp/B000OGRDK0?tag=eloabder-20&linkCode=osi&th=1&psc=1"><img src="https://m.media-amazon.com/images/I/31tfSFnHwmL._SL500_.jpg" alt="Product Image"></a><p>PetSafe Nylon Leash - Chew-Resistant Cat & Dog Behavioral Training Leash - Compatible with Easy-Walk Harness - Traditional-Style Reliable Pet Lead with a Padded Hand Wrap - 3/8" x 6' - Black</p><p> -15% 0FF </p><p>$4.24</p><a href="https://www.amazon.com/dp/B000OGRDK0?tag=eloabder-20&linkCode=osi&th=1&psc=1">View Product</a></div><div class="product"><a href="https://www.amazon.com/dp/B0DGL21M78?tag=eloabder-20&linkCode=osi&th=1&psc=1"><img src="https://m.media-amazon.com/images/I/51pDCCmAQNL._SL500_.jpg" alt="Product Image"></a><p>Halypet Cat Harness and Leash Set - MAX Safety 4th-Gen Upgrade, Escape Proof, Adjustable, Comfortable Soft Vest, Easy to Wear Kitten Harness with Reflective Strip for Cats Walking - Small Black</p><p> -25% 0FF </p><p>$11.24</p><a href="https://www.amazon.com/dp/B0DGL21M78?tag=eloabder-20&linkCode=osi&th=1&psc=1">View Product</a></div>
<div class="product"><a href="https://www.amazon.com/dp/B08CCG96FR?tag=eloabder-20&linkCode=osi&th=1&psc=1"><img src="https://m.media-amazon.com/images/I/519rYYNcfDL._SL500_.jpg" alt="Product Image"></a><p>Best Pet Supplies Voyager Step-in Air Harness - All Weather Mesh, Reflective, No Pull Harness for Dogs, Cats - Secure with Hook & Loop Fastener, Buckle, Double D-Rings - Fuchsia, S</p><p> -39% 0FF </p><p>$9.07</p><a href="https://www.amazon.com/dp/B08CCG96FR?tag=eloabder-20&linkCode=osi&th=1&psc=1">View Product</a></div><div class="product"><a href="https://www.amazon.com/dp/B0F134YP3R?tag=eloabder-20&linkCode=osi&th=1&psc=1"><img src="https://m.media-amazon.com/images/I/41WVEg4wn7L._SL500_.jpg" alt="Product Image"></a><p>Bruvoalon Heavy-Duty Tactical Dog Harness for Large Dogs, No Pull Adjustable Reflective K9 Vest with Molle System, 12 Colors & 4 Sizes, Military-Grade Control for Training, Outdoor & 10+ Breeds</p><p> -24% 0FF </p><p>$15.19</p><a href="https://www.amazon.com/dp/B0F134YP3R?tag=eloabder-20&linkCode=osi&th=1&psc=1">View Product</a></div><div class="product"><a href="https://www.amazon.com/dp/B0DGXJWK9J?tag=eloabder-20&linkCode=osi&th=1&psc=1"><img src="https://m.media-amazon.com/images/I/51mncolU3aL._SL500_.jpg" alt="Product Image"></a><p>SlowTon No Pull Dog Harness - Heavy Duty Dog Harness and Leash Set for Medium Large Dogs, Reflective Tactical Harness with Soft Padded and Front Clip for Easy Walk and Training (Black L)</p><p> -13% 0FF </p><p>$19.99</p><a href="https://www.amazon.com/dp/B0DGXJWK9J?tag=eloabder-20&linkCode=osi&th=1&psc=1">View Product</a></div><div class="product"><a href="https://www.amazon.com/dp/B0DRJYND78?tag=eloabder-20&linkCode=osi&th=1&psc=1"><img src="https://m.media-amazon.com/images/I/41NZVoj8wjL._SL500_.jpg" alt="Product Image"></a><p>Wisedog Reflective No Pull Dog Harness - Adjustable Lightweight Pet Vest with 3 Fast-Release Buckles for Dogs Walking, Running and Training(M, Orange)</p><p> -50% 0FF </p><p>$5.59</p><a href="https://www.amazon.com/dp/B0DRJYND78?tag=eloabder-20&linkCode=osi&th=1&psc=1">View Product</a></div><div class="product"><a href="https://www.amazon.com/dp/B0FFV1QZVJ?tag=eloabder-20&linkCode=osi&th=1&psc=1"><img src="https://m.media-amazon.com/images/I/41BPzHU2wsL._SL500_.jpg" alt="Product Image"></a><p>PWOD No Pull Dog Harness with 2 Leash Clips, Reflective Adjustable Soft Padded Vest with Handle, Breathable Oxford No Choke Pet Vest for Large Dogs, Black,L</p><p> -30% 0FF </p><p>$13.99</p><a href="https://www.amazon.com/dp/B0FFV1QZVJ?tag=eloabder-20&linkCode=osi&th=1&psc=1">View Product</a></div><div class="product"><a href="https://www.amazon.com/dp/B0792XS9B1?tag=eloabder-20&linkCode=osi&th=1&psc=1"><img src="https://m.media-amazon.com/images/I/510eqOLi1TL._SL500_.jpg" alt="Product Image"></a><p>PoyPet No Pull Dog Harness, No Choke Front Lead Dog Reflective Harness, Adjustable Soft Padded Pet Vest with Easy Control Handle for Small to Large Dogs(Pink, Medium)</p><p> -11% 0FF </p><p>$11.99 ($11.99 / count)</p><a href="https://www.amazon.com/dp/B0792XS9B1?tag=eloabder-20&linkCode=osi&th=1&psc=1">View Product</a></div>
<div class="product"><a href="https://www.amazon.com/dp/B08CCGRW5D?tag=eloabder-20&linkCode=osi&th=1&psc=1"><img src="https://m.media-amazon.com/images/I/519rYYNcfDL._SL500_.jpg" alt="Product Image"></a><p>Best Pet Supplies Voyager Step-in Air Harness - All Weather Mesh, Reflective, No Pull Harness for Dogs, Cats - Secure with Hook & Loop Fastener, Buckle, Double D-Rings - Fuchsia, M</p><p> -13% 0FF </p><p>$12.99</p><a href="https://www.amazon.com/dp/B08CCGRW5D?tag=eloabder-20&linkCode=osi&th=1&psc=1">View Product</a></div>
<div class="product"><a href="https://www.amazon.com/dp/B005CUTWDE?tag=eloabder-20&linkCode=osi&th=1&psc=1"><img src="https://m.media-amazon.com/images/I/41j4IEfx6wL._SL500_.jpg" alt="Product Image"></a><p>Wahl USA Dry Skin & Itch Relief Pet Shampoo for Dogs – Oatmeal Formula with Coconut Lime Verbena Scent & Pet Friendly Formula, 24 Oz - Model 820004A</p><p> -10% 0FF </p><p>$8.97</p><a href="https://www.amazon.com/dp/B005CUTWDE?tag=eloabder-20&linkCode=osi&th=1&psc=1">View Product</a></div><div class="product"><a href="https://www.amazon.com/dp/B0791LY9MW?tag=eloabder-20&linkCode=osi&th=1&psc=1"><img src="https://m.media-amazon.com/images/I/510j7m4z+0L._SL500_.jpg" alt="Product Image"></a><p>PAWFUME Deshedding Dog Shampoo and Conditioner, Show Dog, 1-Pack – Nourish & Detangle for Silky Soft Coat – Probiotic, Deep-Cleaning, pH-Balanced Formula – Salon-Quality Shampoo for Dogs</p><p> -13% 0FF </p><p>$13.99 ($1.17 / fluid ounce)</p><a href="https://www.amazon.com/dp/B0791LY9MW?tag=eloabder-20&linkCode=osi&th=1&psc=1">View Product</a></div><div class="product"><a href="https://www.amazon.com/dp/B079T3KSYL?tag=eloabder-20&linkCode=osi&th=1&psc=1"><img src="https://m.media-amazon.com/images/I/411+lEo81xL._SL500_.jpg" alt="Product Image"></a><p>Wahl USA 4-in-1 Calming Pet Shampoo for Dogs with a Lavender Chamomile Scent – Cleans, Conditions, Detangles, & Moisturizes - Pet Friendly Formula – 64 Oz - Model 821000-050</p><p> -10% 0FF </p><p>$21.53 ($0.34 / fluid ounce)</p><a href="https://www.amazon.com/dp/B079T3KSYL?tag=eloabder-20&linkCode=osi&th=1&psc=1">View Product</a></div><div class="product"><a href="https://www.amazon.com/dp/B079T44C3J?tag=eloabder-20&linkCode=osi&th=1&psc=1"><img src="https://m.media-amazon.com/images/I/41aKOigtAPL._SL500_.jpg" alt="Product Image"></a><p>Wahl USA Dry Skin & Itch Relief Pet Shampoo for Dogs – Oatmeal Formula with Coconut Lime Verbena Scent - 64 Oz - Model 821004-050</p><p> -18% 0FF </p><p>$16.48</p><a href="https://www.amazon.com/dp/B079T44C3J?tag=eloabder-20&linkCode=osi&th=1&psc=1">View Product</a></div><div class="product"><a href="https://www.amazon.com/dp/B0DF3W6L1Y?tag=eloabder-20&linkCode=osi&th=1&psc=1"><img src="https://m.media-amazon.com/images/I/314vZFKBT5L._SL500_.jpg" alt="Product Image"></a><p>MRS. MEYER'S Clean Day 3 in 1 Dog Shampoo, Sweet Chamomile Scent, 14oz</p><p> -25% 0FF </p><p>$13.54 ($0.97 / fluid ounce)</p><a href="https://www.amazon.com/dp/B0DF3W6L1Y?tag=eloabder-20&linkCode=osi&th=1&psc=1">View Product</a></div><div class="product"><a href="https://www.amazon.com/dp/B0DF3S2ZFQ?tag=eloabder-20&linkCode=osi&th=1&psc=1"><img src="https://m.media-amazon.com/images/I/31a6kZ5IHLL._SL500_.jpg" alt="Product Image"></a><p>MRS. MEYER'S Clean Day 3 in 1 Dog Shampoo, White Peach Scent, 14oz</p><p> -36% 0FF </p><p>$11.59 ($0.83 / fluid ounce)</p><a href="https://www.amazon.com/dp/B0DF3S2ZFQ?tag=eloabder-20&linkCode=osi&th=1&psc=1">View Product</a></div>
<div class="product"><a href="https://www.amazon.com/dp/B0002J1FOE?tag=eloabder-20&linkCode=osi&th=1&psc=1"><img src="https://m.media-amazon.com/images/I/41MQpL7i06L._SL500_.jpg" alt="Product Image"></a><p>FRONTLINE Plus Flea and Tick Treatment for Large Dogs Up to 45 to 88 lbs. 3 Treatments</p><p> -22% 0FF </p><p>$34.98 ($11.66 / count)</p><a href="https://www.amazon.com/dp/B0002J1FOE?tag=eloabder-20&linkCode=osi&th=1&psc=1">View Product</a></div><div class="product"><a href="https://www.amazon.com/dp/B0002J1F76?tag=eloabder-20&linkCode=osi&th=1&psc=1"><img src="https://m.media-amazon.com/images/I/41dCAf46o0L._SL500_.jpg" alt="Product Image"></a><p>FRONTLINE Plus Flea and Tick Treatment for Cats Over 1.5 lbs. 3 Treatments</p><p> -11% 0FF </p><p>$39.98 ($783.92 / fluid ounce)</p><a href="https://www.amazon.com/dp/B0002J1F76?tag=eloabder-20&linkCode=osi&th=1&psc=1">View Product</a></div><div class="product"><a href="https://www.amazon.com/dp/B0F2HPNQ1W?tag=eloabder-20&linkCode=osi&th=1&psc=1"><img src="https://m.media-amazon.com/images/I/51DP4EE9hiL._SL500_.jpg" alt="Product Image"></a><p>Chewable Flea and Tick Prevention for Dogs - 120 Soft Chews Made in USA - Oral Flea and Tick Control Pills for Small, Medium, Large Dogs and Puppies - Skin and Coat Supplement Treats for All Breeds</p><p> -29% 0FF </p><p>$19.99 ($0.17 / count)</p><a href="https://www.amazon.com/dp/B0F2HPNQ1W?tag=eloabder-20&linkCode=osi&th=1&psc=1">View Product</a></div><div class="product"><a href="https://www.amazon.com/dp/B0002J1FN0?tag=eloabder-20&linkCode=osi&th=1&psc=1"><img src="https://m.media-amazon.com/images/I/41Ife-kF7uL._SL500_.jpg" alt="Product Image"></a><p>FRONTLINE Plus Flea and Tick Treatment for Medium Dogs Up to 23 to 44 lbs. 3 Treatments</p><p> -11% 0FF </p><p>$39.98 ($13.33 / count)</p><a href="https://www.amazon.com/dp/B0002J1FN0?tag=eloabder-20&linkCode=osi&th=1&psc=1">View Product</a></div><div class="product"><a href="https://www.amazon.com/dp/B00WWP1MIK?tag=eloabder-20&linkCode=osi&th=1&psc=1"><img src="https://m.media-amazon.com/images/I/513P0basXRL._SL500_.jpg" alt="Product Image"></a><p>PetArmor Plus Flea and Tick Prevention for Dogs, Large Dog Flea and Tick Treatment, 3 Doses, Waterproof Topical, Fast Acting (45-88 lbs)</p><p> -37% 0FF </p><p>$18.30 ($6.10 / count)</p><a href="https://www.amazon.com/dp/B00WWP1MIK?tag=eloabder-20&linkCode=osi&th=1&psc=1">View Product</a></div>
<div class="product"><a href="https://www.amazon.com/dp/B0009X29WK?tag=eloabder-20&linkCode=osi&th=1&psc=1"><img src="https://m.media-amazon.com/images/I/51aLRVazcoL._SL500_.jpg" alt="Product Image"></a><p>Dr. Elsey's Ultra UnScented Clumping Clay Cat Litter 40 lb. Bag</p><p> -13% 0FF </p><p>$20.99 ($0.03 / fluid ounce)</p><a href="https://www.amazon.com/dp/B0009X29WK?tag=eloabder-20&linkCode=osi&th=1&psc=1">View Product</a></div><div class="product"><a href="https://www.amazon.com/dp/B089LLHMQL?tag=eloabder-20&linkCode=osi&th=1&psc=1"><img src="https://m.media-amazon.com/images/I/51WhnzWdn4L._SL500_.jpg" alt="Product Image"></a><p>ARM & HAMMER Clump & Seal SLIDE Platinum Multi-Cat Clumping Cat Litter, 14-Day Odor Control, EZ Clean Technology, 18 lbs – No Scrubbing, Powerful Odor Eliminator</p><p> -5% 0FF </p><p>$17.99 ($0.06 / fluid ounce)</p><a href="https://www.amazon.com/dp/B089LLHMQL?tag=eloabder-20&linkCode=osi&th=1&psc=1">View Product</a></div><div class="product"><a href="https://www.amazon.com/dp/B0D1LK2G5C?tag=eloabder-20&linkCode=osi&th=1&psc=1"><img src="https://m.media-amazon.com/images/I/41AT3luVpaL._SL500_.jpg" alt="Product Image"></a><p>Cat's Pride New Antibacterial Cat Litter: Destroys 99.9% of Odor-Causing Bacteria - Powerful Odor Control - Premium Lightweight Clumping Litter - Scented, 12 Pounds</p><p> -5% 0FF </p><p>$9.48 ($0.79 / pound)</p><a href="https://www.amazon.com/dp/B0D1LK2G5C?tag=eloabder-20&linkCode=osi&th=1&psc=1">View Product</a></div><div class="product"><a href="https://www.amazon.com/dp/B0DJDNXZYF?tag=eloabder-20&linkCode=osi&th=1&psc=1"><img src="https://m.media-amazon.com/images/I/51GV-bHkChL._SL500_.jpg" alt="Product Image"></a><p>Fresh Step Clumping Cat Litter, Heavy Duty Advanced, Long Lasting 30-Day Odor Control with Odor Eliminating Carbon, 17.5 lb</p><p> -8% 0FF </p><p>$16.80 ($0.96 / pound)</p><a href="https://www.amazon.com/dp/B0DJDNXZYF?tag=eloabder-20&linkCode=osi&th=1&psc=1">View Product</a></div>
<div class="product"><a href="https://www.amazon.com/dp/B0DCNNN5FC?tag=eloabder-20&linkCode=osi&th=1&psc=1"><img src="https://m.media-amazon.com/images/I/51LR5ZHaD4L._SL500_.jpg" alt="Product Image"></a><p>Frienhund Automatic Cat Feeder with 2K Camera: 5G WiFi Automatic Dog Feeder with Night Vision,Cat Food Dispenser with 7L Large Food Storage Container for Multiple Pet,Detachable for Easy Clean -29 Cup</p><p> -17% 0FF </p><p>$57.99</p><a href="https://www.amazon.com/dp/B0DCNNN5FC?tag=eloabder-20&linkCode=osi&th=1&psc=1">View Product</a></div><div class="product"><a href="https://www.amazon.com/dp/B09LD2CD1L?tag=eloabder-20&linkCode=osi&th=1&psc=1"><img src="https://m.media-amazon.com/images/I/31FCol5w8TL._SL500_.jpg" alt="Product Image"></a><p>VOLUAS Automatic Cat Feeders - Timed Pet Feeder for Cats and Dogs with Dry Food Dispenser, Desiccant Bag, Programmable Portion Control, 4 Daily Meals, 10s Voice Recorder</p><p> -27% 0FF </p><p>$39.98</p><a href="https://www.amazon.com/dp/B09LD2CD1L?tag=eloabder-20&linkCode=osi&th=1&psc=1">View Product</a></div><div class="product"><a href="https://www.amazon.com/dp/B0DT47H4JJ?tag=eloabder-20&linkCode=osi&th=1&psc=1"><img src="https://m.media-amazon.com/images/I/41sK3MB5zTL._SL500_.jpg" alt="Product Image"></a><p>Frienhund Automatic Cat Feeder 2 Cats with Slow Feed: Dual Automatic Dog Feeder with 5G WiFi, Cat Food Dispenser with APP Control for Multiple Pets, Detachable for Easy Clean, Double Pet Bowl - 29 Cup</p><p> -19% 0FF </p><p>$56.98</p><a href="https://www.amazon.com/dp/B0DT47H4JJ?tag=eloabder-20&linkCode=osi&th=1&psc=1">View Product</a></div><div class="product"><a href="https://www.amazon.com/dp/B0F9WLTTLC?tag=eloabder-20&linkCode=osi&th=1&psc=1"><img src="https://m.media-amazon.com/images/I/41oqhTdVBgL._SL500_.jpg" alt="Product Image"></a><p>HoneyGuaridan Automatic Cat Feeder for Two Cats, 5G WiFi Smart Feed Pet Feeder with Stainless Steel Bowl,APP Control Dispenser, Dual Power Supply,Desiccant Bag,10s Meal Call Black</p><p> -20% 0FF </p><p>$55.99</p><a href="https://www.amazon.com/dp/B0F9WLTTLC?tag=eloabder-20&linkCode=osi&th=1&psc=1">View Product</a></div><div class="product"><a href="https://www.amazon.com/dp/B09S8WMJY9?tag=eloabder-20&linkCode=osi&th=1&psc=1"><img src="https://m.media-amazon.com/images/I/41BhIBNEoGL._SL500_.jpg" alt="Product Image"></a><p>PETLIBRO Automatic Cat Feeder, 5G WiFi Automatic Dog Food Dispenser with Freshness Preservation, 5L Timed Pet Feeder with Low Food Sensor, Up to 10 Meals Per Day, Granary Black</p><p> -10% 0FF </p><p>$89.99</p><a href="https://www.amazon.com/dp/B09S8WMJY9?tag=eloabder-20&linkCode=osi&th=1&psc=1">View Product</a></div><div class="product"><a href="https://www.amazon.com/dp/B0DQLJJ5XT?tag=eloabder-20&linkCode=osi&th=1&psc=1"><img src="https://m.media-amazon.com/images/I/31AWcXWoThL._SL500_.jpg" alt="Product Image"></a><p>Dual Automatic Cat Feeder 2 Cats,6 Meals/Day,12 Portions/Meal,4.2L Dual Power Double Bowls Feeder,Dry Food Auto Pet Dispenser,10S Voice Record,Flexible Schedule Timer (Black,Stainless Dual Bowls)</p><p> -40% 0FF </p><p>$29.99</p><a href="https://www.amazon.com/dp/B0DQLJJ5XT?tag=eloabder-20&linkCode=osi&th=1&psc=1">View Product</a></div>


<div class="product"><a href="https://www.amazon.com/dp/B09K8YYVWV?tag=eloabder-20&linkCode=osi&th=1&psc=1"><img src="https://m.media-amazon.com/images/I/4123dxF1ijL._SL500_.jpg" alt="Product Image"></a><p>Blue Buffalo Life Protection Formula Natural Adult Dry Dog Food, Chicken and Brown Rice 5-lb Trial Size Bag</p><p> -17% 0FF </p><p>$14.98 ($3.00 / lb)</p><a href="https://www.amazon.com/dp/B09K8YYVWV?tag=eloabder-20&linkCode=osi&th=1&psc=1">View Product</a></div><div class="product"><a href="https://www.amazon.com/dp/B0000AH3QT?tag=eloabder-20&linkCode=osi&th=1&psc=1"><img src="https://m.media-amazon.com/images/I/41FXHOzdCWL._SL500_.jpg" alt="Product Image"></a><p>Purina ONE Chicken and Rice Formula Dry Dog Food - 8 lb. Bag</p><p> -9% 0FF </p><p>$16.28 ($2.04 / lb)</p><a href="https://www.amazon.com/dp/B0000AH3QT?tag=eloabder-20&linkCode=osi&th=1&psc=1">View Product</a></div><div class="product"><a href="https://www.amazon.com/dp/B09K9FDLFN?tag=eloabder-20&linkCode=osi&th=1&psc=1"><img src="https://m.media-amazon.com/images/I/41fn4P3zY0L._SL500_.jpg" alt="Product Image"></a><p>Blue Buffalo Life Protection Formula Natural Adult Small Breed Dry Dog Food, Chicken and Brown Rice 5-lb Trial Size Bag</p><p> -13% 0FF </p><p>$17.48 ($3.50 / lb)</p><a href="https://www.amazon.com/dp/B09K9FDLFN?tag=eloabder-20&linkCode=osi&th=1&psc=1">View Product</a></div><div class="product"><a href="https://www.amazon.com/dp/B009IOCCD2?tag=eloabder-20&linkCode=osi&th=1&psc=1"><img src="https://m.media-amazon.com/images/I/41hzdgAAhmL._SL500_.jpg" alt="Product Image"></a><p>Purina ONE Dry Dog Food Lamb and Rice Formula - 31.1 lb. Bag</p><p> -17% 0FF </p><p>$48.98 ($1.57 / lb)</p><a href="https://www.amazon.com/dp/B009IOCCD2?tag=eloabder-20&linkCode=osi&th=1&psc=1">View Product</a></div><div class="product"><a href="https://www.amazon.com/dp/B06WGLV27L?tag=eloabder-20&linkCode=osi&th=1&psc=1"><img src="https://m.media-amazon.com/images/I/41+bgu7zfAL._SL500_.jpg" alt="Product Image"></a><p>Nutrish Dry Dog Food, Real Beef, Pea & Brown Rice Recipe Whole Health Blend for Adult Dogs, 40 lb. Bag, Packaging May Vary (Rachael Ray)</p><p> -26% 0FF </p><p>$43.99 ($1.10 / lb)</p><a href="https://www.amazon.com/dp/B06WGLV27L?tag=eloabder-20&linkCode=osi&th=1&psc=1">View Product</a></div><div class="product"><a href="https://www.amazon.com/dp/B0009YWKUA?tag=eloabder-20&linkCode=osi&th=1&psc=1"><img src="https://m.media-amazon.com/images/I/41gZ78TZzBL._SL500_.jpg" alt="Product Image"></a><p>Blue Buffalo Life Protection Formula Adult Dry Dog Food, Helps Build and Maintain Strong Muscles, Made with Natural Ingredients, Chicken & Brown Rice Recipe, 30-lb. Bag</p><p> -11% 0FF </p><p>$66.99 ($2.23 / lb)</p><a href="https://www.amazon.com/dp/B0009YWKUA?tag=eloabder-20&linkCode=osi&th=1&psc=1">View Product</a></div><div class="product"><a href="https://www.amazon.com/dp/B0009YUGAG?tag=eloabder-20&linkCode=osi&th=1&psc=1"><img src="https://m.media-amazon.com/images/I/41s0BUVfCbL._SL500_.jpg" alt="Product Image"></a><p>Blue Buffalo Life Protection Formula Adult Dry Dog Food, Helps Build and Maintain Strong Muscles, Made with Natural Ingredients, Chicken & Brown Rice Recipe, 15-lb. Bag</p><p> -15% 0FF </p><p>$37.98 ($2.53 / lb)</p><a href="https://www.amazon.com/dp/B0009YUGAG?tag=eloabder-20&linkCode=osi&th=1&psc=1">View Product</a></div>
<div class="product"><a href="https://www.amazon.com/dp/B0BFPJJTR9?tag=eloabder-20&linkCode=osi&th=1&psc=1"><img src="https://m.media-amazon.com/images/I/511o77BB+6L._SL500_.jpg" alt="Product Image"></a><p>Joytale Dog Leash for Large Dogs, Heavy Duty Nylon Leashes with Comfortable Padded Handle and Highly Reflective Threads, Ideal for Walking and Training, Black, 6'×1/2''</p><p> -10% 0FF </p><p>$7.19</p><a href="https://www.amazon.com/dp/B0BFPJJTR9?tag=eloabder-20&linkCode=osi&th=1&psc=1">View Product</a></div><div class="product"><a href="https://www.amazon.com/dp/B076F7HM8T?tag=eloabder-20&linkCode=osi&th=1&psc=1"><img src="https://m.media-amazon.com/images/I/41Qlfdjpa1L._SL500_.jpg" alt="Product Image"></a><p>TUG 360° Tangle-Free Retractable Dog Leash | 16 ft Strong Nylon Tape | One-Handed Brake, Pause, Lock (Medium, White)</p><p> -12% 0FF </p><p>$18.99</p><a href="https://www.amazon.com/dp/B076F7HM8T?tag=eloabder-20&linkCode=osi&th=1&psc=1">View Product</a></div><div class="product"><a href="https://www.amazon.com/dp/B095C8RXSH?tag=eloabder-20&linkCode=osi&th=1&psc=1"><img src="https://m.media-amazon.com/images/I/518Mz7ChiHL._SL500_.jpg" alt="Product Image"></a><p>Taglory Rope Dog Leash 6 FT with Comfortable Padded Handle, Highly Reflective Threads Leash for Medium Large Dogs, 1/2 inch, Hotpink</p><p> -36% 0FF </p><p>$9.99 ($9.99 / count)</p><a href="https://www.amazon.com/dp/B095C8RXSH?tag=eloabder-20&linkCode=osi&th=1&psc=1">View Product</a></div><div class="product"><a href="https://www.amazon.com/dp/B078SLM45M?tag=eloabder-20&linkCode=osi&th=1&psc=1"><img src="https://m.media-amazon.com/images/I/41cyg8ILTTL._SL500_.jpg" alt="Product Image"></a><p>TUG 360° Tangle-Free Retractable Dog Leash | 16 ft Strong Nylon Tape | One-Handed Brake, Pause, Lock (Large, White)</p><p> -14% 0FF </p><p>$21.99</p><a href="https://www.amazon.com/dp/B078SLM45M?tag=eloabder-20&linkCode=osi&th=1&psc=1">View Product</a></div>
<div class="product"><a href="https://www.amazon.com/dp/B0DGL4H82X?tag=eloabder-20&linkCode=osi&th=1&psc=1"><img src="https://m.media-amazon.com/images/I/51pDCCmAQNL._SL500_.jpg" alt="Product Image"></a><p>Halypet Cat Harness and Leash Set [MAX Safety 4th-Gen Upgrade] Escape Proof Adjustable Cat Leash Comfortable Soft Vest Easy to Wear Kitten Harness with Reflective Strip for Cats Walking, M Black</p><p> -28% 0FF </p><p>$10.79</p><a href="https://www.amazon.com/dp/B0DGL4H82X?tag=eloabder-20&linkCode=osi&th=1&psc=1">View Product</a></div><div class="product"><a href="https://www.amazon.com/dp/B000OGRDK0?tag=eloabder-20&linkCode=osi&th=1&psc=1"><img src="https://m.media-amazon.com/images/I/31tfSFnHwmL._SL500_.jpg" alt="Product Image"></a><p>PetSafe Nylon Leash - Chew-Resistant Cat & Dog Behavioral Training Leash - Compatible with Easy-Walk Harness - Traditional-Style Reliable Pet Lead with a Padded Hand Wrap - 3/8" x 6' - Black</p><p> -15% 0FF </p><p>$4.24</p><a href="https://www.amazon.com/dp/B000OGRDK0?tag=eloabder-20&linkCode=osi&th=1&psc=1">View Product</a></div><div class="product"><a href="https://www.amazon.com/dp/B0DGL21M78?tag=eloabder-20&linkCode=osi&th=1&psc=1"><img src="https://m.media-amazon.com/images/I/51pDCCmAQNL._SL500_.jpg" alt="Product Image"></a><p>Halypet Cat Harness and Leash Set - MAX Safety 4th-Gen Upgrade, Escape Proof, Adjustable, Comfortable Soft Vest, Easy to Wear Kitten Harness with Reflective Strip for Cats Walking - Small Black</p><p> -25% 0FF </p><p>$11.24</p><a href="https://www.amazon.com/dp/B0DGL21M78?tag=eloabder-20&linkCode=osi&th=1&psc=1">View Product</a></div>
<div class="product"><a href="https://www.amazon.com/dp/B08CCG96FR?tag=eloabder-20&linkCode=osi&th=1&psc=1"><img src="https://m.media-amazon.com/images/I/519rYYNcfDL._SL500_.jpg" alt="Product Image"></a><p>Best Pet Supplies Voyager Step-in Air Harness - All Weather Mesh, Reflective, No Pull Harness for Dogs, Cats - Secure with Hook & Loop Fastener, Buckle, Double D-Rings - Fuchsia, S</p><p> -39% 0FF </p><p>$9.07</p><a href="https://www.amazon.com/dp/B08CCG96FR?tag=eloabder-20&linkCode=osi&th=1&psc=1">View Product</a></div><div class="product"><a href="https://www.amazon.com/dp/B0F134YP3R?tag=eloabder-20&linkCode=osi&th=1&psc=1"><img src="https://m.media-amazon.com/images/I/41WVEg4wn7L._SL500_.jpg" alt="Product Image"></a><p>Bruvoalon Heavy-Duty Tactical Dog Harness for Large Dogs, No Pull Adjustable Reflective K9 Vest with Molle System, 12 Colors & 4 Sizes, Military-Grade Control for Training, Outdoor & 10+ Breeds</p><p> -24% 0FF </p><p>$15.19</p><a href="https://www.amazon.com/dp/B0F134YP3R?tag=eloabder-20&linkCode=osi&th=1&psc=1">View Product</a></div><div class="product"><a href="https://www.amazon.com/dp/B0DGXJWK9J?tag=eloabder-20&linkCode=osi&th=1&psc=1"><img src="https://m.media-amazon.com/images/I/51mncolU3aL._SL500_.jpg" alt="Product Image"></a><p>SlowTon No Pull Dog Harness - Heavy Duty Dog Harness and Leash Set for Medium Large Dogs, Reflective Tactical Harness with Soft Padded and Front Clip for Easy Walk and Training (Black L)</p><p> -13% 0FF </p><p>$19.99</p><a href="https://www.amazon.com/dp/B0DGXJWK9J?tag=eloabder-20&linkCode=osi&th=1&psc=1">View Product</a></div><div class="product"><a href="https://www.amazon.com/dp/B0DRJYND78?tag=eloabder-20&linkCode=osi&th=1&psc=1"><img src="https://m.media-amazon.com/images/I/41NZVoj8wjL._SL500_.jpg" alt="Product Image"></a><p>Wisedog Reflective No Pull Dog Harness - Adjustable Lightweight Pet Vest with 3 Fast-Release Buckles for Dogs Walking, Running and Training(M, Orange)</p><p> -50% 0FF </p><p>$5.59</p><a href="https://www.amazon.com/dp/B0DRJYND78?tag=eloabder-20&linkCode=osi&th=1&psc=1">View Product</a></div><div class="product"><a href="https://www.amazon.com/dp/B0FFV1QZVJ?tag=eloabder-20&linkCode=osi&th=1&psc=1"><img src="https://m.media-amazon.com/images/I/41BPzHU2wsL._SL500_.jpg" alt="Product Image"></a><p>PWOD No Pull Dog Harness with 2 Leash Clips, Reflective Adjustable Soft Padded Vest with Handle, Breathable Oxford No Choke Pet Vest for Large Dogs, Black,L</p><p> -30% 0FF </p><p>$13.99</p><a href="https://www.amazon.com/dp/B0FFV1QZVJ?tag=eloabder-20&linkCode=osi&th=1&psc=1">View Product</a></div><div class="product"><a href="https://www.amazon.com/dp/B0792XS9B1?tag=eloabder-20&linkCode=osi&th=1&psc=1"><img src="https://m.media-amazon.com/images/I/510eqOLi1TL._SL500_.jpg" alt="Product Image"></a><p>PoyPet No Pull Dog Harness, No Choke Front Lead Dog Reflective Harness, Adjustable Soft Padded Pet Vest with Easy Control Handle for Small to Large Dogs(Pink, Medium)</p><p> -11% 0FF </p><p>$11.99 ($11.99 / count)</p><a href="https://www.amazon.com/dp/B0792XS9B1?tag=eloabder-20&linkCode=osi&th=1&psc=1">View Product</a></div>
<div class="product"><a href="https://www.amazon.com/dp/B08CCGRW5D?tag=eloabder-20&linkCode=osi&th=1&psc=1"><img src="https://m.media-amazon.com/images/I/519rYYNcfDL._SL500_.jpg" alt="Product Image"></a><p>Best Pet Supplies Voyager Step-in Air Harness - All Weather Mesh, Reflective, No Pull Harness for Dogs, Cats - Secure with Hook & Loop Fastener, Buckle, Double D-Rings - Fuchsia, M</p><p> -13% 0FF </p><p>$12.99</p><a href="https://www.amazon.com/dp/B08CCGRW5D?tag=eloabder-20&linkCode=osi&th=1&psc=1">View Product</a></div>
<div class="product"><a href="https://www.amazon.com/dp/B005CUTWDE?tag=eloabder-20&linkCode=osi&th=1&psc=1"><img src="https://m.media-amazon.com/images/I/41j4IEfx6wL._SL500_.jpg" alt="Product Image"></a><p>Wahl USA Dry Skin & Itch Relief Pet Shampoo for Dogs – Oatmeal Formula with Coconut Lime Verbena Scent & Pet Friendly Formula, 24 Oz - Model 820004A</p><p> -10% 0FF </p><p>$8.97</p><a href="https://www.amazon.com/dp/B005CUTWDE?tag=eloabder-20&linkCode=osi&th=1&psc=1">View Product</a></div><div class="product"><a href="https://www.amazon.com/dp/B0791LY9MW?tag=eloabder-20&linkCode=osi&th=1&psc=1"><img src="https://m.media-amazon.com/images/I/510j7m4z+0L._SL500_.jpg" alt="Product Image"></a><p>PAWFUME Deshedding Dog Shampoo and Conditioner, Show Dog, 1-Pack – Nourish & Detangle for Silky Soft Coat – Probiotic, Deep-Cleaning, pH-Balanced Formula – Salon-Quality Shampoo for Dogs</p><p> -13% 0FF </p><p>$13.99 ($1.17 / fluid ounce)</p><a href="https://www.amazon.com/dp/B0791LY9MW?tag=eloabder-20&linkCode=osi&th=1&psc=1">View Product</a></div><div class="product"><a href="https://www.amazon.com/dp/B079T3KSYL?tag=eloabder-20&linkCode=osi&th=1&psc=1"><img src="https://m.media-amazon.com/images/I/411+lEo81xL._SL500_.jpg" alt="Product Image"></a><p>Wahl USA 4-in-1 Calming Pet Shampoo for Dogs with a Lavender Chamomile Scent – Cleans, Conditions, Detangles, & Moisturizes - Pet Friendly Formula – 64 Oz - Model 821000-050</p><p> -10% 0FF </p><p>$21.53 ($0.34 / fluid ounce)</p><a href="https://www.amazon.com/dp/B079T3KSYL?tag=eloabder-20&linkCode=osi&th=1&psc=1">View Product</a></div><div class="product"><a href="https://www.amazon.com/dp/B079T44C3J?tag=eloabder-20&linkCode=osi&th=1&psc=1"><img src="https://m.media-amazon.com/images/I/41aKOigtAPL._SL500_.jpg" alt="Product Image"></a><p>Wahl USA Dry Skin & Itch Relief Pet Shampoo for Dogs – Oatmeal Formula with Coconut Lime Verbena Scent - 64 Oz - Model 821004-050</p><p> -18% 0FF </p><p>$16.48</p><a href="https://www.amazon.com/dp/B079T44C3J?tag=eloabder-20&linkCode=osi&th=1&psc=1">View Product</a></div><div class="product"><a href="https://www.amazon.com/dp/B0DF3W6L1Y?tag=eloabder-20&linkCode=osi&th=1&psc=1"><img src="https://m.media-amazon.com/images/I/314vZFKBT5L._SL500_.jpg" alt="Product Image"></a><p>MRS. MEYER'S Clean Day 3 in 1 Dog Shampoo, Sweet Chamomile Scent, 14oz</p><p> -25% 0FF </p><p>$13.54 ($0.97 / fluid ounce)</p><a href="https://www.amazon.com/dp/B0DF3W6L1Y?tag=eloabder-20&linkCode=osi&th=1&psc=1">View Product</a></div><div class="product"><a href="https://www.amazon.com/dp/B0DF3S2ZFQ?tag=eloabder-20&linkCode=osi&th=1&psc=1"><img src="https://m.media-amazon.com/images/I/31a6kZ5IHLL._SL500_.jpg" alt="Product Image"></a><p>MRS. MEYER'S Clean Day 3 in 1 Dog Shampoo, White Peach Scent, 14oz</p><p> -36% 0FF </p><p>$11.59 ($0.83 / fluid ounce)</p><a href="https://www.amazon.com/dp/B0DF3S2ZFQ?tag=eloabder-20&linkCode=osi&th=1&psc=1">View Product</a></div>
<div class="product"><a href="https://www.amazon.com/dp/B0002J1FOE?tag=eloabder-20&linkCode=osi&th=1&psc=1"><img src="https://m.media-amazon.com/images/I/41MQpL7i06L._SL500_.jpg" alt="Product Image"></a><p>FRONTLINE Plus Flea and Tick Treatment for Large Dogs Up to 45 to 88 lbs. 3 Treatments</p><p> -22% 0FF </p><p>$34.98 ($11.66 / count)</p><a href="https://www.amazon.com/dp/B0002J1FOE?tag=eloabder-20&linkCode=osi&th=1&psc=1">View Product</a></div><div class="product"><a href="https://www.amazon.com/dp/B0002J1F76?tag=eloabder-20&linkCode=osi&th=1&psc=1"><img src="https://m.media-amazon.com/images/I/41dCAf46o0L._SL500_.jpg" alt="Product Image"></a><p>FRONTLINE Plus Flea and Tick Treatment for Cats Over 1.5 lbs. 3 Treatments</p><p> -11% 0FF </p><p>$39.98 ($783.92 / fluid ounce)</p><a href="https://www.amazon.com/dp/B0002J1F76?tag=eloabder-20&linkCode=osi&th=1&psc=1">View Product</a></div><div class="product"><a href="https://www.amazon.com/dp/B0F2HPNQ1W?tag=eloabder-20&linkCode=osi&th=1&psc=1"><img src="https://m.media-amazon.com/images/I/51DP4EE9hiL._SL500_.jpg" alt="Product Image"></a><p>Chewable Flea and Tick Prevention for Dogs - 120 Soft Chews Made in USA - Oral Flea and Tick Control Pills for Small, Medium, Large Dogs and Puppies - Skin and Coat Supplement Treats for All Breeds</p><p> -29% 0FF </p><p>$19.99 ($0.17 / count)</p><a href="https://www.amazon.com/dp/B0F2HPNQ1W?tag=eloabder-20&linkCode=osi&th=1&psc=1">View Product</a></div><div class="product"><a href="https://www.amazon.com/dp/B0002J1FN0?tag=eloabder-20&linkCode=osi&th=1&psc=1"><img src="https://m.media-amazon.com/images/I/41Ife-kF7uL._SL500_.jpg" alt="Product Image"></a><p>FRONTLINE Plus Flea and Tick Treatment for Medium Dogs Up to 23 to 44 lbs. 3 Treatments</p><p> -11% 0FF </p><p>$39.98 ($13.33 / count)</p><a href="https://www.amazon.com/dp/B0002J1FN0?tag=eloabder-20&linkCode=osi&th=1&psc=1">View Product</a></div><div class="product"><a href="https://www.amazon.com/dp/B00WWP1MIK?tag=eloabder-20&linkCode=osi&th=1&psc=1"><img src="https://m.media-amazon.com/images/I/513P0basXRL._SL500_.jpg" alt="Product Image"></a><p>PetArmor Plus Flea and Tick Prevention for Dogs, Large Dog Flea and Tick Treatment, 3 Doses, Waterproof Topical, Fast Acting (45-88 lbs)</p><p> -37% 0FF </p><p>$18.30 ($6.10 / count)</p><a href="https://www.amazon.com/dp/B00WWP1MIK?tag=eloabder-20&linkCode=osi&th=1&psc=1">View Product</a></div>
<div class="product"><a href="https://www.amazon.com/dp/B0009X29WK?tag=eloabder-20&linkCode=osi&th=1&psc=1"><img src="https://m.media-amazon.com/images/I/51aLRVazcoL._SL500_.jpg" alt="Product Image"></a><p>Dr. Elsey's Ultra UnScented Clumping Clay Cat Litter 40 lb. Bag</p><p> -13% 0FF </p><p>$20.99 ($0.03 / fluid ounce)</p><a href="https://www.amazon.com/dp/B0009X29WK?tag=eloabder-20&linkCode=osi&th=1&psc=1">View Product</a></div><div class="product"><a href="https://www.amazon.com/dp/B089LLHMQL?tag=eloabder-20&linkCode=osi&th=1&psc=1"><img src="https://m.media-amazon.com/images/I/51WhnzWdn4L._SL500_.jpg" alt="Product Image"></a><p>ARM & HAMMER Clump & Seal SLIDE Platinum Multi-Cat Clumping Cat Litter, 14-Day Odor Control, EZ Clean Technology, 18 lbs – No Scrubbing, Powerful Odor Eliminator</p><p> -5% 0FF </p><p>$17.99 ($0.06 / fluid ounce)</p><a href="https://www.amazon.com/dp/B089LLHMQL?tag=eloabder-20&linkCode=osi&th=1&psc=1">View Product</a></div><div class="product"><a href="https://www.amazon.com/dp/B0D1LK2G5C?tag=eloabder-20&linkCode=osi&th=1&psc=1"><img src="https://m.media-amazon.com/images/I/41AT3luVpaL._SL500_.jpg" alt="Product Image"></a><p>Cat's Pride New Antibacterial Cat Litter: Destroys 99.9% of Odor-Causing Bacteria - Powerful Odor Control - Premium Lightweight Clumping Litter - Scented, 12 Pounds</p><p> -5% 0FF </p><p>$9.48 ($0.79 / pound)</p><a href="https://www.amazon.com/dp/B0D1LK2G5C?tag=eloabder-20&linkCode=osi&th=1&psc=1">View Product</a></div><div class="product"><a href="https://www.amazon.com/dp/B0DJDNXZYF?tag=eloabder-20&linkCode=osi&th=1&psc=1"><img src="https://m.media-amazon.com/images/I/51GV-bHkChL._SL500_.jpg" alt="Product Image"></a><p>Fresh Step Clumping Cat Litter, Heavy Duty Advanced, Long Lasting 30-Day Odor Control with Odor Eliminating Carbon, 17.5 lb</p><p> -8% 0FF </p><p>$16.80 ($0.96 / pound)</p><a href="https://www.amazon.com/dp/B0DJDNXZYF?tag=eloabder-20&linkCode=osi&th=1&psc=1">View Product</a></div>
<div class="product"><a href="https://www.amazon.com/dp/B0DCNNN5FC?tag=eloabder-20&linkCode=osi&th=1&psc=1"><img src="https://m.media-amazon.com/images/I/51LR5ZHaD4L._SL500_.jpg" alt="Product Image"></a><p>Frienhund Automatic Cat Feeder with 2K Camera: 5G WiFi Automatic Dog Feeder with Night Vision,Cat Food Dispenser with 7L Large Food Storage Container for Multiple Pet,Detachable for Easy Clean -29 Cup</p><p> -17% 0FF </p><p>$57.99</p><a href="https://www.amazon.com/dp/B0DCNNN5FC?tag=eloabder-20&linkCode=osi&th=1&psc=1">View Product</a></div><div class="product"><a href="https://www.amazon.com/dp/B09LD2CD1L?tag=eloabder-20&linkCode=osi&th=1&psc=1"><img src="https://m.media-amazon.com/images/I/31FCol5w8TL._SL500_.jpg" alt="Product Image"></a><p>VOLUAS Automatic Cat Feeders - Timed Pet Feeder for Cats and Dogs with Dry Food Dispenser, Desiccant Bag, Programmable Portion Control, 4 Daily Meals, 10s Voice Recorder</p><p> -27% 0FF </p><p>$39.98</p><a href="https://www.amazon.com/dp/B09LD2CD1L?tag=eloabder-20&linkCode=osi&th=1&psc=1">View Product</a></div><div class="product"><a href="https://www.amazon.com/dp/B0DT47H4JJ?tag=eloabder-20&linkCode=osi&th=1&psc=1"><img src="https://m.media-amazon.com/images/I/41sK3MB5zTL._SL500_.jpg" alt="Product Image"></a><p>Frienhund Automatic Cat Feeder 2 Cats with Slow Feed: Dual Automatic Dog Feeder with 5G WiFi, Cat Food Dispenser with APP Control for Multiple Pets, Detachable for Easy Clean, Double Pet Bowl - 29 Cup</p><p> -19% 0FF </p><p>$56.98</p><a href="https://www.amazon.com/dp/B0DT47H4JJ?tag=eloabder-20&linkCode=osi&th=1&psc=1">View Product</a></div><div class="product"><a href="https://www.amazon.com/dp/B0F9WLTTLC?tag=eloabder-20&linkCode=osi&th=1&psc=1"><img src="https://m.media-amazon.com/images/I/41oqhTdVBgL._SL500_.jpg" alt="Product Image"></a><p>HoneyGuaridan Automatic Cat Feeder for Two Cats, 5G WiFi Smart Feed Pet Feeder with Stainless Steel Bowl,APP Control Dispenser, Dual Power Supply,Desiccant Bag,10s Meal Call Black</p><p> -20% 0FF </p><p>$55.99</p><a href="https://www.amazon.com/dp/B0F9WLTTLC?tag=eloabder-20&linkCode=osi&th=1&psc=1">View Product</a></div><div class="product"><a href="https://www.amazon.com/dp/B09S8WMJY9?tag=eloabder-20&linkCode=osi&th=1&psc=1"><img src="https://m.media-amazon.com/images/I/41BhIBNEoGL._SL500_.jpg" alt="Product Image"></a><p>PETLIBRO Automatic Cat Feeder, 5G WiFi Automatic Dog Food Dispenser with Freshness Preservation, 5L Timed Pet Feeder with Low Food Sensor, Up to 10 Meals Per Day, Granary Black</p><p> -10% 0FF </p><p>$89.99</p><a href="https://www.amazon.com/dp/B09S8WMJY9?tag=eloabder-20&linkCode=osi&th=1&psc=1">View Product</a></div><div class="product"><a href="https://www.amazon.com/dp/B0DQLJJ5XT?tag=eloabder-20&linkCode=osi&th=1&psc=1"><img src="https://m.media-amazon.com/images/I/31AWcXWoThL._SL500_.jpg" alt="Product Image"></a><p>Dual Automatic Cat Feeder 2 Cats,6 Meals/Day,12 Portions/Meal,4.2L Dual Power Double Bowls Feeder,Dry Food Auto Pet Dispenser,10S Voice Record,Flexible Schedule Timer (Black,Stainless Dual Bowls)</p><p> -40% 0FF </p><p>$29.99</p><a href="https://www.amazon.com/dp/B0DQLJJ5XT?tag=eloabder-20&linkCode=osi&th=1&psc=1">View Product</a></div>

<div class="product"><a href="https://www.amazon.com/dp/B07CYW78JY?tag=eloabder-20&linkCode=osi&th=1&psc=1"><img src="https://m.media-amazon.com/images/I/31PZUfPmUVL._SL500_.jpg" alt="Product Image"></a><p>California Costumes, King of The Jungle - Lion, Dog Costume Large</p><p> -39% 0FF </p><p>$15.27</p><a href="https://www.amazon.com/dp/B07CYW78JY?tag=eloabder-20&linkCode=osi&th=1&psc=1">View Product</a></div>

<div class="product"><a href="https://www.amazon.com/dp/B09K8YYVWV?tag=eloabder-20&linkCode=osi&th=1&psc=1"><img src="https://m.media-amazon.com/images/I/4123dxF1ijL._SL500_.jpg" alt="Product Image"></a><p>Blue Buffalo Life Protection Formula Natural Adult Dry Dog Food, Chicken and Brown Rice 5-lb Trial Size Bag</p><p> -17% 0FF </p><p>$14.98 ($3.00 / lb)</p><a href="https://www.amazon.com/dp/B09K8YYVWV?tag=eloabder-20&linkCode=osi&th=1&psc=1">View Product</a></div><div class="product"><a href="https://www.amazon.com/dp/B0000AH3QT?tag=eloabder-20&linkCode=osi&th=1&psc=1"><img src="https://m.media-amazon.com/images/I/41FXHOzdCWL._SL500_.jpg" alt="Product Image"></a><p>Purina ONE Chicken and Rice Formula Dry Dog Food - 8 lb. Bag</p><p> -9% 0FF </p><p>$16.28 ($2.04 / lb)</p><a href="https://www.amazon.com/dp/B0000AH3QT?tag=eloabder-20&linkCode=osi&th=1&psc=1">View Product</a></div><div class="product"><a href="https://www.amazon.com/dp/B09K9FDLFN?tag=eloabder-20&linkCode=osi&th=1&psc=1"><img src="https://m.media-amazon.com/images/I/41fn4P3zY0L._SL500_.jpg" alt="Product Image"></a><p>Blue Buffalo Life Protection Formula Natural Adult Small Breed Dry Dog Food, Chicken and Brown Rice 5-lb Trial Size Bag</p><p> -13% 0FF </p><p>$17.48 ($3.50 / lb)</p><a href="https://www.amazon.com/dp/B09K9FDLFN?tag=eloabder-20&linkCode=osi&th=1&psc=1">View Product</a></div><div class="product"><a href="https://www.amazon.com/dp/B009IOCCD2?tag=eloabder-20&linkCode=osi&th=1&psc=1"><img src="https://m.media-amazon.com/images/I/41hzdgAAhmL._SL500_.jpg" alt="Product Image"></a><p>Purina ONE Dry Dog Food Lamb and Rice Formula - 31.1 lb. Bag</p><p> -17% 0FF </p><p>$48.98 ($1.57 / lb)</p><a href="https://www.amazon.com/dp/B009IOCCD2?tag=eloabder-20&linkCode=osi&th=1&psc=1">View Product</a></div><div class="product"><a href="https://www.amazon.com/dp/B06WGLV27L?tag=eloabder-20&linkCode=osi&th=1&psc=1"><img src="https://m.media-amazon.com/images/I/41+bgu7zfAL._SL500_.jpg" alt="Product Image"></a><p>Nutrish Dry Dog Food, Real Beef, Pea & Brown Rice Recipe Whole Health Blend for Adult Dogs, 40 lb. Bag, Packaging May Vary (Rachael Ray)</p><p> -26% 0FF </p><p>$43.99 ($1.10 / lb)</p><a href="https://www.amazon.com/dp/B06WGLV27L?tag=eloabder-20&linkCode=osi&th=1&psc=1">View Product</a></div><div class="product"><a href="https://www.amazon.com/dp/B0009YWKUA?tag=eloabder-20&linkCode=osi&th=1&psc=1"><img src="https://m.media-amazon.com/images/I/41gZ78TZzBL._SL500_.jpg" alt="Product Image"></a><p>Blue Buffalo Life Protection Formula Adult Dry Dog Food, Helps Build and Maintain Strong Muscles, Made with Natural Ingredients, Chicken & Brown Rice Recipe, 30-lb. Bag</p><p> -11% 0FF </p><p>$66.99 ($2.23 / lb)</p><a href="https://www.amazon.com/dp/B0009YWKUA?tag=eloabder-20&linkCode=osi&th=1&psc=1">View Product</a></div><div class="product"><a href="https://www.amazon.com/dp/B0009YUGAG?tag=eloabder-20&linkCode=osi&th=1&psc=1"><img src="https://m.media-amazon.com/images/I/41s0BUVfCbL._SL500_.jpg" alt="Product Image"></a><p>Blue Buffalo Life Protection Formula Adult Dry Dog Food, Helps Build and Maintain Strong Muscles, Made with Natural Ingredients, Chicken & Brown Rice Recipe, 15-lb. Bag</p><p> -15% 0FF </p><p>$37.98 ($2.53 / lb)</p><a href="https://www.amazon.com/dp/B0009YUGAG?tag=eloabder-20&linkCode=osi&th=1&psc=1">View Product</a></div>
<div class="product"><a href="https://www.amazon.com/dp/B0BFPJJTR9?tag=eloabder-20&linkCode=osi&th=1&psc=1"><img src="https://m.media-amazon.com/images/I/511o77BB+6L._SL500_.jpg" alt="Product Image"></a><p>Joytale Dog Leash for Large Dogs, Heavy Duty Nylon Leashes with Comfortable Padded Handle and Highly Reflective Threads, Ideal for Walking and Training, Black, 6'×1/2''</p><p> -10% 0FF </p><p>$7.19</p><a href="https://www.amazon.com/dp/B0BFPJJTR9?tag=eloabder-20&linkCode=osi&th=1&psc=1">View Product</a></div><div class="product"><a href="https://www.amazon.com/dp/B076F7HM8T?tag=eloabder-20&linkCode=osi&th=1&psc=1"><img src="https://m.media-amazon.com/images/I/41Qlfdjpa1L._SL500_.jpg" alt="Product Image"></a><p>TUG 360° Tangle-Free Retractable Dog Leash | 16 ft Strong Nylon Tape | One-Handed Brake, Pause, Lock (Medium, White)</p><p> -12% 0FF </p><p>$18.99</p><a href="https://www.amazon.com/dp/B076F7HM8T?tag=eloabder-20&linkCode=osi&th=1&psc=1">View Product</a></div><div class="product"><a href="https://www.amazon.com/dp/B095C8RXSH?tag=eloabder-20&linkCode=osi&th=1&psc=1"><img src="https://m.media-amazon.com/images/I/518Mz7ChiHL._SL500_.jpg" alt="Product Image"></a><p>Taglory Rope Dog Leash 6 FT with Comfortable Padded Handle, Highly Reflective Threads Leash for Medium Large Dogs, 1/2 inch, Hotpink</p><p> -36% 0FF </p><p>$9.99 ($9.99 / count)</p><a href="https://www.amazon.com/dp/B095C8RXSH?tag=eloabder-20&linkCode=osi&th=1&psc=1">View Product</a></div><div class="product"><a href="https://www.amazon.com/dp/B078SLM45M?tag=eloabder-20&linkCode=osi&th=1&psc=1"><img src="https://m.media-amazon.com/images/I/41cyg8ILTTL._SL500_.jpg" alt="Product Image"></a><p>TUG 360° Tangle-Free Retractable Dog Leash | 16 ft Strong Nylon Tape | One-Handed Brake, Pause, Lock (Large, White)</p><p> -14% 0FF </p><p>$21.99</p><a href="https://www.amazon.com/dp/B078SLM45M?tag=eloabder-20&linkCode=osi&th=1&psc=1">View Product</a></div>
<div class="product"><a href="https://www.amazon.com/dp/B0DGL4H82X?tag=eloabder-20&linkCode=osi&th=1&psc=1"><img src="https://m.media-amazon.com/images/I/51pDCCmAQNL._SL500_.jpg" alt="Product Image"></a><p>Halypet Cat Harness and Leash Set [MAX Safety 4th-Gen Upgrade] Escape Proof Adjustable Cat Leash Comfortable Soft Vest Easy to Wear Kitten Harness with Reflective Strip for Cats Walking, M Black</p><p> -28% 0FF </p><p>$10.79</p><a href="https://www.amazon.com/dp/B0DGL4H82X?tag=eloabder-20&linkCode=osi&th=1&psc=1">View Product</a></div><div class="product"><a href="https://www.amazon.com/dp/B000OGRDK0?tag=eloabder-20&linkCode=osi&th=1&psc=1"><img src="https://m.media-amazon.com/images/I/31tfSFnHwmL._SL500_.jpg" alt="Product Image"></a><p>PetSafe Nylon Leash - Chew-Resistant Cat & Dog Behavioral Training Leash - Compatible with Easy-Walk Harness - Traditional-Style Reliable Pet Lead with a Padded Hand Wrap - 3/8" x 6' - Black</p><p> -15% 0FF </p><p>$4.24</p><a href="https://www.amazon.com/dp/B000OGRDK0?tag=eloabder-20&linkCode=osi&th=1&psc=1">View Product</a></div><div class="product"><a href="https://www.amazon.com/dp/B0DGL21M78?tag=eloabder-20&linkCode=osi&th=1&psc=1"><img src="https://m.media-amazon.com/images/I/51pDCCmAQNL._SL500_.jpg" alt="Product Image"></a><p>Halypet Cat Harness and Leash Set - MAX Safety 4th-Gen Upgrade, Escape Proof, Adjustable, Comfortable Soft Vest, Easy to Wear Kitten Harness with Reflective Strip for Cats Walking - Small Black</p><p> -25% 0FF </p><p>$11.24</p><a href="https://www.amazon.com/dp/B0DGL21M78?tag=eloabder-20&linkCode=osi&th=1&psc=1">View Product</a></div>
<div class="product"><a href="https://www.amazon.com/dp/B08CCG96FR?tag=eloabder-20&linkCode=osi&th=1&psc=1"><img src="https://m.media-amazon.com/images/I/519rYYNcfDL._SL500_.jpg" alt="Product Image"></a><p>Best Pet Supplies Voyager Step-in Air Harness - All Weather Mesh, Reflective, No Pull Harness for Dogs, Cats - Secure with Hook & Loop Fastener, Buckle, Double D-Rings - Fuchsia, S</p><p> -39% 0FF </p><p>$9.07</p><a href="https://www.amazon.com/dp/B08CCG96FR?tag=eloabder-20&linkCode=osi&th=1&psc=1">View Product</a></div><div class="product"><a href="https://www.amazon.com/dp/B0F134YP3R?tag=eloabder-20&linkCode=osi&th=1&psc=1"><img src="https://m.media-amazon.com/images/I/41WVEg4wn7L._SL500_.jpg" alt="Product Image"></a><p>Bruvoalon Heavy-Duty Tactical Dog Harness for Large Dogs, No Pull Adjustable Reflective K9 Vest with Molle System, 12 Colors & 4 Sizes, Military-Grade Control for Training, Outdoor & 10+ Breeds</p><p> -24% 0FF </p><p>$15.19</p><a href="https://www.amazon.com/dp/B0F134YP3R?tag=eloabder-20&linkCode=osi&th=1&psc=1">View Product</a></div><div class="product"><a href="https://www.amazon.com/dp/B0DGXJWK9J?tag=eloabder-20&linkCode=osi&th=1&psc=1"><img src="https://m.media-amazon.com/images/I/51mncolU3aL._SL500_.jpg" alt="Product Image"></a><p>SlowTon No Pull Dog Harness - Heavy Duty Dog Harness and Leash Set for Medium Large Dogs, Reflective Tactical Harness with Soft Padded and Front Clip for Easy Walk and Training (Black L)</p><p> -13% 0FF </p><p>$19.99</p><a href="https://www.amazon.com/dp/B0DGXJWK9J?tag=eloabder-20&linkCode=osi&th=1&psc=1">View Product</a></div><div class="product"><a href="https://www.amazon.com/dp/B0DRJYND78?tag=eloabder-20&linkCode=osi&th=1&psc=1"><img src="https://m.media-amazon.com/images/I/41NZVoj8wjL._SL500_.jpg" alt="Product Image"></a><p>Wisedog Reflective No Pull Dog Harness - Adjustable Lightweight Pet Vest with 3 Fast-Release Buckles for Dogs Walking, Running and Training(M, Orange)</p><p> -50% 0FF </p><p>$5.59</p><a href="https://www.amazon.com/dp/B0DRJYND78?tag=eloabder-20&linkCode=osi&th=1&psc=1">View Product</a></div><div class="product"><a href="https://www.amazon.com/dp/B0FFV1QZVJ?tag=eloabder-20&linkCode=osi&th=1&psc=1"><img src="https://m.media-amazon.com/images/I/41BPzHU2wsL._SL500_.jpg" alt="Product Image"></a><p>PWOD No Pull Dog Harness with 2 Leash Clips, Reflective Adjustable Soft Padded Vest with Handle, Breathable Oxford No Choke Pet Vest for Large Dogs, Black,L</p><p> -30% 0FF </p><p>$13.99</p><a href="https://www.amazon.com/dp/B0FFV1QZVJ?tag=eloabder-20&linkCode=osi&th=1&psc=1">View Product</a></div><div class="product"><a href="https://www.amazon.com/dp/B0792XS9B1?tag=eloabder-20&linkCode=osi&th=1&psc=1"><img src="https://m.media-amazon.com/images/I/510eqOLi1TL._SL500_.jpg" alt="Product Image"></a><p>PoyPet No Pull Dog Harness, No Choke Front Lead Dog Reflective Harness, Adjustable Soft Padded Pet Vest with Easy Control Handle for Small to Large Dogs(Pink, Medium)</p><p> -11% 0FF </p><p>$11.99 ($11.99 / count)</p><a href="https://www.amazon.com/dp/B0792XS9B1?tag=eloabder-20&linkCode=osi&th=1&psc=1">View Product</a></div>
<div class="product"><a href="https://www.amazon.com/dp/B08CCGRW5D?tag=eloabder-20&linkCode=osi&th=1&psc=1"><img src="https://m.media-amazon.com/images/I/519rYYNcfDL._SL500_.jpg" alt="Product Image"></a><p>Best Pet Supplies Voyager Step-in Air Harness - All Weather Mesh, Reflective, No Pull Harness for Dogs, Cats - Secure with Hook & Loop Fastener, Buckle, Double D-Rings - Fuchsia, M</p><p> -13% 0FF </p><p>$12.99</p><a href="https://www.amazon.com/dp/B08CCGRW5D?tag=eloabder-20&linkCode=osi&th=1&psc=1">View Product</a></div>
<div class="product"><a href="https://www.amazon.com/dp/B005CUTWDE?tag=eloabder-20&linkCode=osi&th=1&psc=1"><img src="https://m.media-amazon.com/images/I/41j4IEfx6wL._SL500_.jpg" alt="Product Image"></a><p>Wahl USA Dry Skin & Itch Relief Pet Shampoo for Dogs – Oatmeal Formula with Coconut Lime Verbena Scent & Pet Friendly Formula, 24 Oz - Model 820004A</p><p> -10% 0FF </p><p>$8.97</p><a href="https://www.amazon.com/dp/B005CUTWDE?tag=eloabder-20&linkCode=osi&th=1&psc=1">View Product</a></div><div class="product"><a href="https://www.amazon.com/dp/B0791LY9MW?tag=eloabder-20&linkCode=osi&th=1&psc=1"><img src="https://m.media-amazon.com/images/I/510j7m4z+0L._SL500_.jpg" alt="Product Image"></a><p>PAWFUME Deshedding Dog Shampoo and Conditioner, Show Dog, 1-Pack – Nourish & Detangle for Silky Soft Coat – Probiotic, Deep-Cleaning, pH-Balanced Formula – Salon-Quality Shampoo for Dogs</p><p> -13% 0FF </p><p>$13.99 ($1.17 / fluid ounce)</p><a href="https://www.amazon.com/dp/B0791LY9MW?tag=eloabder-20&linkCode=osi&th=1&psc=1">View Product</a></div><div class="product"><a href="https://www.amazon.com/dp/B079T3KSYL?tag=eloabder-20&linkCode=osi&th=1&psc=1"><img src="https://m.media-amazon.com/images/I/411+lEo81xL._SL500_.jpg" alt="Product Image"></a><p>Wahl USA 4-in-1 Calming Pet Shampoo for Dogs with a Lavender Chamomile Scent – Cleans, Conditions, Detangles, & Moisturizes - Pet Friendly Formula – 64 Oz - Model 821000-050</p><p> -10% 0FF </p><p>$21.53 ($0.34 / fluid ounce)</p><a href="https://www.amazon.com/dp/B079T3KSYL?tag=eloabder-20&linkCode=osi&th=1&psc=1">View Product</a></div><div class="product"><a href="https://www.amazon.com/dp/B079T44C3J?tag=eloabder-20&linkCode=osi&th=1&psc=1"><img src="https://m.media-amazon.com/images/I/41aKOigtAPL._SL500_.jpg" alt="Product Image"></a><p>Wahl USA Dry Skin & Itch Relief Pet Shampoo for Dogs – Oatmeal Formula with Coconut Lime Verbena Scent - 64 Oz - Model 821004-050</p><p> -18% 0FF </p><p>$16.48</p><a href="https://www.amazon.com/dp/B079T44C3J?tag=eloabder-20&linkCode=osi&th=1&psc=1">View Product</a></div><div class="product"><a href="https://www.amazon.com/dp/B0DF3W6L1Y?tag=eloabder-20&linkCode=osi&th=1&psc=1"><img src="https://m.media-amazon.com/images/I/314vZFKBT5L._SL500_.jpg" alt="Product Image"></a><p>MRS. MEYER'S Clean Day 3 in 1 Dog Shampoo, Sweet Chamomile Scent, 14oz</p><p> -25% 0FF </p><p>$13.54 ($0.97 / fluid ounce)</p><a href="https://www.amazon.com/dp/B0DF3W6L1Y?tag=eloabder-20&linkCode=osi&th=1&psc=1">View Product</a></div><div class="product"><a href="https://www.amazon.com/dp/B0DF3S2ZFQ?tag=eloabder-20&linkCode=osi&th=1&psc=1"><img src="https://m.media-amazon.com/images/I/31a6kZ5IHLL._SL500_.jpg" alt="Product Image"></a><p>MRS. MEYER'S Clean Day 3 in 1 Dog Shampoo, White Peach Scent, 14oz</p><p> -36% 0FF </p><p>$11.59 ($0.83 / fluid ounce)</p><a href="https://www.amazon.com/dp/B0DF3S2ZFQ?tag=eloabder-20&linkCode=osi&th=1&psc=1">View Product</a></div>
<div class="product"><a href="https://www.amazon.com/dp/B0002J1FOE?tag=eloabder-20&linkCode=osi&th=1&psc=1"><img src="https://m.media-amazon.com/images/I/41MQpL7i06L._SL500_.jpg" alt="Product Image"></a><p>FRONTLINE Plus Flea and Tick Treatment for Large Dogs Up to 45 to 88 lbs. 3 Treatments</p><p> -22% 0FF </p><p>$34.98 ($11.66 / count)</p><a href="https://www.amazon.com/dp/B0002J1FOE?tag=eloabder-20&linkCode=osi&th=1&psc=1">View Product</a></div><div class="product"><a href="https://www.amazon.com/dp/B0002J1F76?tag=eloabder-20&linkCode=osi&th=1&psc=1"><img src="https://m.media-amazon.com/images/I/41dCAf46o0L._SL500_.jpg" alt="Product Image"></a><p>FRONTLINE Plus Flea and Tick Treatment for Cats Over 1.5 lbs. 3 Treatments</p><p> -11% 0FF </p><p>$39.98 ($783.92 / fluid ounce)</p><a href="https://www.amazon.com/dp/B0002J1F76?tag=eloabder-20&linkCode=osi&th=1&psc=1">View Product</a></div><div class="product"><a href="https://www.amazon.com/dp/B0F2HPNQ1W?tag=eloabder-20&linkCode=osi&th=1&psc=1"><img src="https://m.media-amazon.com/images/I/51DP4EE9hiL._SL500_.jpg" alt="Product Image"></a><p>Chewable Flea and Tick Prevention for Dogs - 120 Soft Chews Made in USA - Oral Flea and Tick Control Pills for Small, Medium, Large Dogs and Puppies - Skin and Coat Supplement Treats for All Breeds</p><p> -29% 0FF </p><p>$19.99 ($0.17 / count)</p><a href="https://www.amazon.com/dp/B0F2HPNQ1W?tag=eloabder-20&linkCode=osi&th=1&psc=1">View Product</a></div><div class="product"><a href="https://www.amazon.com/dp/B0002J1FN0?tag=eloabder-20&linkCode=osi&th=1&psc=1"><img src="https://m.media-amazon.com/images/I/41Ife-kF7uL._SL500_.jpg" alt="Product Image"></a><p>FRONTLINE Plus Flea and Tick Treatment for Medium Dogs Up to 23 to 44 lbs. 3 Treatments</p><p> -11% 0FF </p><p>$39.98 ($13.33 / count)</p><a href="https://www.amazon.com/dp/B0002J1FN0?tag=eloabder-20&linkCode=osi&th=1&psc=1">View Product</a></div><div class="product"><a href="https://www.amazon.com/dp/B00WWP1MIK?tag=eloabder-20&linkCode=osi&th=1&psc=1"><img src="https://m.media-amazon.com/images/I/513P0basXRL._SL500_.jpg" alt="Product Image"></a><p>PetArmor Plus Flea and Tick Prevention for Dogs, Large Dog Flea and Tick Treatment, 3 Doses, Waterproof Topical, Fast Acting (45-88 lbs)</p><p> -37% 0FF </p><p>$18.30 ($6.10 / count)</p><a href="https://www.amazon.com/dp/B00WWP1MIK?tag=eloabder-20&linkCode=osi&th=1&psc=1">View Product</a></div>
<div class="product"><a href="https://www.amazon.com/dp/B0009X29WK?tag=eloabder-20&linkCode=osi&th=1&psc=1"><img src="https://m.media-amazon.com/images/I/51aLRVazcoL._SL500_.jpg" alt="Product Image"></a><p>Dr. Elsey's Ultra UnScented Clumping Clay Cat Litter 40 lb. Bag</p><p> -13% 0FF </p><p>$20.99 ($0.03 / fluid ounce)</p><a href="https://www.amazon.com/dp/B0009X29WK?tag=eloabder-20&linkCode=osi&th=1&psc=1">View Product</a></div><div class="product"><a href="https://www.amazon.com/dp/B089LLHMQL?tag=eloabder-20&linkCode=osi&th=1&psc=1"><img src="https://m.media-amazon.com/images/I/51WhnzWdn4L._SL500_.jpg" alt="Product Image"></a><p>ARM & HAMMER Clump & Seal SLIDE Platinum Multi-Cat Clumping Cat Litter, 14-Day Odor Control, EZ Clean Technology, 18 lbs – No Scrubbing, Powerful Odor Eliminator</p><p> -5% 0FF </p><p>$17.99 ($0.06 / fluid ounce)</p><a href="https://www.amazon.com/dp/B089LLHMQL?tag=eloabder-20&linkCode=osi&th=1&psc=1">View Product</a></div><div class="product"><a href="https://www.amazon.com/dp/B0D1LK2G5C?tag=eloabder-20&linkCode=osi&th=1&psc=1"><img src="https://m.media-amazon.com/images/I/41AT3luVpaL._SL500_.jpg" alt="Product Image"></a><p>Cat's Pride New Antibacterial Cat Litter: Destroys 99.9% of Odor-Causing Bacteria - Powerful Odor Control - Premium Lightweight Clumping Litter - Scented, 12 Pounds</p><p> -5% 0FF </p><p>$9.48 ($0.79 / pound)</p><a href="https://www.amazon.com/dp/B0D1LK2G5C?tag=eloabder-20&linkCode=osi&th=1&psc=1">View Product</a></div><div class="product"><a href="https://www.amazon.com/dp/B0DJDNXZYF?tag=eloabder-20&linkCode=osi&th=1&psc=1"><img src="https://m.media-amazon.com/images/I/51GV-bHkChL._SL500_.jpg" alt="Product Image"></a><p>Fresh Step Clumping Cat Litter, Heavy Duty Advanced, Long Lasting 30-Day Odor Control with Odor Eliminating Carbon, 17.5 lb</p><p> -8% 0FF </p><p>$16.80 ($0.96 / pound)</p><a href="https://www.amazon.com/dp/B0DJDNXZYF?tag=eloabder-20&linkCode=osi&th=1&psc=1">View Product</a></div>
<div class="product"><a href="https://www.amazon.com/dp/B0DCNNN5FC?tag=eloabder-20&linkCode=osi&th=1&psc=1"><img src="https://m.media-amazon.com/images/I/51LR5ZHaD4L._SL500_.jpg" alt="Product Image"></a><p>Frienhund Automatic Cat Feeder with 2K Camera: 5G WiFi Automatic Dog Feeder with Night Vision,Cat Food Dispenser with 7L Large Food Storage Container for Multiple Pet,Detachable for Easy Clean -29 Cup</p><p> -17% 0FF </p><p>$57.99</p><a href="https://www.amazon.com/dp/B0DCNNN5FC?tag=eloabder-20&linkCode=osi&th=1&psc=1">View Product</a></div><div class="product"><a href="https://www.amazon.com/dp/B09LD2CD1L?tag=eloabder-20&linkCode=osi&th=1&psc=1"><img src="https://m.media-amazon.com/images/I/31FCol5w8TL._SL500_.jpg" alt="Product Image"></a><p>VOLUAS Automatic Cat Feeders - Timed Pet Feeder for Cats and Dogs with Dry Food Dispenser, Desiccant Bag, Programmable Portion Control, 4 Daily Meals, 10s Voice Recorder</p><p> -27% 0FF </p><p>$39.98</p><a href="https://www.amazon.com/dp/B09LD2CD1L?tag=eloabder-20&linkCode=osi&th=1&psc=1">View Product</a></div><div class="product"><a href="https://www.amazon.com/dp/B0DT47H4JJ?tag=eloabder-20&linkCode=osi&th=1&psc=1"><img src="https://m.media-amazon.com/images/I/41sK3MB5zTL._SL500_.jpg" alt="Product Image"></a><p>Frienhund Automatic Cat Feeder 2 Cats with Slow Feed: Dual Automatic Dog Feeder with 5G WiFi, Cat Food Dispenser with APP Control for Multiple Pets, Detachable for Easy Clean, Double Pet Bowl - 29 Cup</p><p> -19% 0FF </p><p>$56.98</p><a href="https://www.amazon.com/dp/B0DT47H4JJ?tag=eloabder-20&linkCode=osi&th=1&psc=1">View Product</a></div><div class="product"><a href="https://www.amazon.com/dp/B0F9WLTTLC?tag=eloabder-20&linkCode=osi&th=1&psc=1"><img src="https://m.media-amazon.com/images/I/41oqhTdVBgL._SL500_.jpg" alt="Product Image"></a><p>HoneyGuaridan Automatic Cat Feeder for Two Cats, 5G WiFi Smart Feed Pet Feeder with Stainless Steel Bowl,APP Control Dispenser, Dual Power Supply,Desiccant Bag,10s Meal Call Black</p><p> -20% 0FF </p><p>$55.99</p><a href="https://www.amazon.com/dp/B0F9WLTTLC?tag=eloabder-20&linkCode=osi&th=1&psc=1">View Product</a></div><div class="product"><a href="https://www.amazon.com/dp/B09S8WMJY9?tag=eloabder-20&linkCode=osi&th=1&psc=1"><img src="https://m.media-amazon.com/images/I/41BhIBNEoGL._SL500_.jpg" alt="Product Image"></a><p>PETLIBRO Automatic Cat Feeder, 5G WiFi Automatic Dog Food Dispenser with Freshness Preservation, 5L Timed Pet Feeder with Low Food Sensor, Up to 10 Meals Per Day, Granary Black</p><p> -10% 0FF </p><p>$89.99</p><a href="https://www.amazon.com/dp/B09S8WMJY9?tag=eloabder-20&linkCode=osi&th=1&psc=1">View Product</a></div><div class="product"><a href="https://www.amazon.com/dp/B0DQLJJ5XT?tag=eloabder-20&linkCode=osi&th=1&psc=1"><img src="https://m.media-amazon.com/images/I/31AWcXWoThL._SL500_.jpg" alt="Product Image"></a><p>Dual Automatic Cat Feeder 2 Cats,6 Meals/Day,12 Portions/Meal,4.2L Dual Power Double Bowls Feeder,Dry Food Auto Pet Dispenser,10S Voice Record,Flexible Schedule Timer (Black,Stainless Dual Bowls)</p><p> -40% 0FF </p><p>$29.99</p><a href="https://www.amazon.com/dp/B0DQLJJ5XT?tag=eloabder-20&linkCode=osi&th=1&psc=1">View Product</a></div>

<div class="product"><a href="https://www.amazon.com/dp/B07CYW78JY?tag=eloabder-20&linkCode=osi&th=1&psc=1"><img src="https://m.media-amazon.com/images/I/31PZUfPmUVL._SL500_.jpg" alt="Product Image"></a><p>California Costumes, King of The Jungle - Lion, Dog Costume Large</p><p> -39% 0FF </p><p>$15.27</p><a href="https://www.amazon.com/dp/B07CYW78JY?tag=eloabder-20&linkCode=osi&th=1&psc=1">View Product</a></div>
<div class="product"><a href="https://www.amazon.com/dp/B0DGL9BSWS?tag=eloabder-20&linkCode=osi&th=1&psc=1"><img src="https://m.media-amazon.com/images/I/51IZBwrejKL._SL500_.jpg" alt="Product Image"></a><p>Halypet Cat Harness and Leash Set [MAX Safety 4th-Gen Upgrade] Escape Proof Adjustable Cat Leash Comfortable Soft Vest Easy to Wear Kitten Harness with Reflective Strip for Cats Walking, XS Green</p><p> -20% 0FF </p><p>$13.59</p><a href="https://www.amazon.com/dp/B0DGL9BSWS?tag=eloabder-20&linkCode=osi&th=1&psc=1">View Product</a></div><div class="product"><a href="https://www.amazon.com/dp/B0F1TCFL1Q?tag=eloabder-20&linkCode=osi&th=1&psc=1"><img src="https://m.media-amazon.com/images/I/411MNyyz+3L._SL500_.jpg" alt="Product Image"></a><p>rabbitgoo Small Dog Harness, Step-in Soft Mesh Puppy Vest, Easy Walk with Safety Buckle, Breathable Reflective Pet Harness for Small Sized Dogs</p><p> -8% 0FF </p><p>$30.38</p><a href="https://www.amazon.com/dp/B0F1TCFL1Q?tag=eloabder-20&linkCode=osi&th=1&psc=1">View Product</a></div><div class="product"><a href="https://www.amazon.com/dp/B0F2LZ4Y9T?tag=eloabder-20&linkCode=osi&th=1&psc=1"><img src="https://m.media-amazon.com/images/I/413rLsz8xML._SL500_.jpg" alt="Product Image"></a><p>rabbitgoo Small Dog Harness, Step-in Soft Mesh Puppy Vest, Easy Walk with Safety Buckle, Breathable Reflective Pet Harness for Small Sized Dogs</p><p> -8% 0FF </p><p>$30.38</p><a href="https://www.amazon.com/dp/B0F2LZ4Y9T?tag=eloabder-20&linkCode=osi&th=1&psc=1">View Product</a></div>

<div class="product"><a href="https://www.amazon.com/dp/B09K8YYVWV?tag=eloabder-20&linkCode=osi&th=1&psc=1"><img src="https://m.media-amazon.com/images/I/4123dxF1ijL._SL500_.jpg" alt="Product Image"></a><p>Blue Buffalo Life Protection Formula Natural Adult Dry Dog Food, Chicken and Brown Rice 5-lb Trial Size Bag</p><p> -17% 0FF </p><p>$14.98 ($3.00 / lb)</p><a href="https://www.amazon.com/dp/B09K8YYVWV?tag=eloabder-20&linkCode=osi&th=1&psc=1">View Product</a></div><div class="product"><a href="https://www.amazon.com/dp/B0000AH3QT?tag=eloabder-20&linkCode=osi&th=1&psc=1"><img src="https://m.media-amazon.com/images/I/41FXHOzdCWL._SL500_.jpg" alt="Product Image"></a><p>Purina ONE Chicken and Rice Formula Dry Dog Food - 8 lb. Bag</p><p> -9% 0FF </p><p>$16.28 ($2.04 / lb)</p><a href="https://www.amazon.com/dp/B0000AH3QT?tag=eloabder-20&linkCode=osi&th=1&psc=1">View Product</a></div><div class="product"><a href="https://www.amazon.com/dp/B09K9FDLFN?tag=eloabder-20&linkCode=osi&th=1&psc=1"><img src="https://m.media-amazon.com/images/I/41fn4P3zY0L._SL500_.jpg" alt="Product Image"></a><p>Blue Buffalo Life Protection Formula Natural Adult Small Breed Dry Dog Food, Chicken and Brown Rice 5-lb Trial Size Bag</p><p> -13% 0FF </p><p>$17.48 ($3.50 / lb)</p><a href="https://www.amazon.com/dp/B09K9FDLFN?tag=eloabder-20&linkCode=osi&th=1&psc=1">View Product</a></div><div class="product"><a href="https://www.amazon.com/dp/B009IOCCD2?tag=eloabder-20&linkCode=osi&th=1&psc=1"><img src="https://m.media-amazon.com/images/I/41hzdgAAhmL._SL500_.jpg" alt="Product Image"></a><p>Purina ONE Dry Dog Food Lamb and Rice Formula - 31.1 lb. Bag</p><p> -17% 0FF </p><p>$48.98 ($1.57 / lb)</p><a href="https://www.amazon.com/dp/B009IOCCD2?tag=eloabder-20&linkCode=osi&th=1&psc=1">View Product</a></div><div class="product"><a href="https://www.amazon.com/dp/B06WGLV27L?tag=eloabder-20&linkCode=osi&th=1&psc=1"><img src="https://m.media-amazon.com/images/I/41+bgu7zfAL._SL500_.jpg" alt="Product Image"></a><p>Nutrish Dry Dog Food, Real Beef, Pea & Brown Rice Recipe Whole Health Blend for Adult Dogs, 40 lb. Bag, Packaging May Vary (Rachael Ray)</p><p> -26% 0FF </p><p>$43.99 ($1.10 / lb)</p><a href="https://www.amazon.com/dp/B06WGLV27L?tag=eloabder-20&linkCode=osi&th=1&psc=1">View Product</a></div><div class="product"><a href="https://www.amazon.com/dp/B0009YWKUA?tag=eloabder-20&linkCode=osi&th=1&psc=1"><img src="https://m.media-amazon.com/images/I/41gZ78TZzBL._SL500_.jpg" alt="Product Image"></a><p>Blue Buffalo Life Protection Formula Adult Dry Dog Food, Helps Build and Maintain Strong Muscles, Made with Natural Ingredients, Chicken & Brown Rice Recipe, 30-lb. Bag</p><p> -11% 0FF </p><p>$66.99 ($2.23 / lb)</p><a href="https://www.amazon.com/dp/B0009YWKUA?tag=eloabder-20&linkCode=osi&th=1&psc=1">View Product</a></div><div class="product"><a href="https://www.amazon.com/dp/B0009YUGAG?tag=eloabder-20&linkCode=osi&th=1&psc=1"><img src="https://m.media-amazon.com/images/I/41s0BUVfCbL._SL500_.jpg" alt="Product Image"></a><p>Blue Buffalo Life Protection Formula Adult Dry Dog Food, Helps Build and Maintain Strong Muscles, Made with Natural Ingredients, Chicken & Brown Rice Recipe, 15-lb. Bag</p><p> -15% 0FF </p><p>$37.98 ($2.53 / lb)</p><a href="https://www.amazon.com/dp/B0009YUGAG?tag=eloabder-20&linkCode=osi&th=1&psc=1">View Product</a></div>
<div class="product"><a href="https://www.amazon.com/dp/B0BFPJJTR9?tag=eloabder-20&linkCode=osi&th=1&psc=1"><img src="https://m.media-amazon.com/images/I/511o77BB+6L._SL500_.jpg" alt="Product Image"></a><p>Joytale Dog Leash for Large Dogs, Heavy Duty Nylon Leashes with Comfortable Padded Handle and Highly Reflective Threads, Ideal for Walking and Training, Black, 6'×1/2''</p><p> -10% 0FF </p><p>$7.19</p><a href="https://www.amazon.com/dp/B0BFPJJTR9?tag=eloabder-20&linkCode=osi&th=1&psc=1">View Product</a></div><div class="product"><a href="https://www.amazon.com/dp/B076F7HM8T?tag=eloabder-20&linkCode=osi&th=1&psc=1"><img src="https://m.media-amazon.com/images/I/41Qlfdjpa1L._SL500_.jpg" alt="Product Image"></a><p>TUG 360° Tangle-Free Retractable Dog Leash | 16 ft Strong Nylon Tape | One-Handed Brake, Pause, Lock (Medium, White)</p><p> -12% 0FF </p><p>$18.99</p><a href="https://www.amazon.com/dp/B076F7HM8T?tag=eloabder-20&linkCode=osi&th=1&psc=1">View Product</a></div><div class="product"><a href="https://www.amazon.com/dp/B095C8RXSH?tag=eloabder-20&linkCode=osi&th=1&psc=1"><img src="https://m.media-amazon.com/images/I/518Mz7ChiHL._SL500_.jpg" alt="Product Image"></a><p>Taglory Rope Dog Leash 6 FT with Comfortable Padded Handle, Highly Reflective Threads Leash for Medium Large Dogs, 1/2 inch, Hotpink</p><p> -36% 0FF </p><p>$9.99 ($9.99 / count)</p><a href="https://www.amazon.com/dp/B095C8RXSH?tag=eloabder-20&linkCode=osi&th=1&psc=1">View Product</a></div><div class="product"><a href="https://www.amazon.com/dp/B078SLM45M?tag=eloabder-20&linkCode=osi&th=1&psc=1"><img src="https://m.media-amazon.com/images/I/41cyg8ILTTL._SL500_.jpg" alt="Product Image"></a><p>TUG 360° Tangle-Free Retractable Dog Leash | 16 ft Strong Nylon Tape | One-Handed Brake, Pause, Lock (Large, White)</p><p> -14% 0FF </p><p>$21.99</p><a href="https://www.amazon.com/dp/B078SLM45M?tag=eloabder-20&linkCode=osi&th=1&psc=1">View Product</a></div>
<div class="product"><a href="https://www.amazon.com/dp/B0DGL4H82X?tag=eloabder-20&linkCode=osi&th=1&psc=1"><img src="https://m.media-amazon.com/images/I/51pDCCmAQNL._SL500_.jpg" alt="Product Image"></a><p>Halypet Cat Harness and Leash Set [MAX Safety 4th-Gen Upgrade] Escape Proof Adjustable Cat Leash Comfortable Soft Vest Easy to Wear Kitten Harness with Reflective Strip for Cats Walking, M Black</p><p> -28% 0FF </p><p>$10.79</p><a href="https://www.amazon.com/dp/B0DGL4H82X?tag=eloabder-20&linkCode=osi&th=1&psc=1">View Product</a></div><div class="product"><a href="https://www.amazon.com/dp/B000OGRDK0?tag=eloabder-20&linkCode=osi&th=1&psc=1"><img src="https://m.media-amazon.com/images/I/31tfSFnHwmL._SL500_.jpg" alt="Product Image"></a><p>PetSafe Nylon Leash - Chew-Resistant Cat & Dog Behavioral Training Leash - Compatible with Easy-Walk Harness - Traditional-Style Reliable Pet Lead with a Padded Hand Wrap - 3/8" x 6' - Black</p><p> -15% 0FF </p><p>$4.24</p><a href="https://www.amazon.com/dp/B000OGRDK0?tag=eloabder-20&linkCode=osi&th=1&psc=1">View Product</a></div><div class="product"><a href="https://www.amazon.com/dp/B0DGL21M78?tag=eloabder-20&linkCode=osi&th=1&psc=1"><img src="https://m.media-amazon.com/images/I/51pDCCmAQNL._SL500_.jpg" alt="Product Image"></a><p>Halypet Cat Harness and Leash Set - MAX Safety 4th-Gen Upgrade, Escape Proof, Adjustable, Comfortable Soft Vest, Easy to Wear Kitten Harness with Reflective Strip for Cats Walking - Small Black</p><p> -25% 0FF </p><p>$11.24</p><a href="https://www.amazon.com/dp/B0DGL21M78?tag=eloabder-20&linkCode=osi&th=1&psc=1">View Product</a></div>
<div class="product"><a href="https://www.amazon.com/dp/B08CCG96FR?tag=eloabder-20&linkCode=osi&th=1&psc=1"><img src="https://m.media-amazon.com/images/I/519rYYNcfDL._SL500_.jpg" alt="Product Image"></a><p>Best Pet Supplies Voyager Step-in Air Harness - All Weather Mesh, Reflective, No Pull Harness for Dogs, Cats - Secure with Hook & Loop Fastener, Buckle, Double D-Rings - Fuchsia, S</p><p> -39% 0FF </p><p>$9.07</p><a href="https://www.amazon.com/dp/B08CCG96FR?tag=eloabder-20&linkCode=osi&th=1&psc=1">View Product</a></div><div class="product"><a href="https://www.amazon.com/dp/B0F134YP3R?tag=eloabder-20&linkCode=osi&th=1&psc=1"><img src="https://m.media-amazon.com/images/I/41WVEg4wn7L._SL500_.jpg" alt="Product Image"></a><p>Bruvoalon Heavy-Duty Tactical Dog Harness for Large Dogs, No Pull Adjustable Reflective K9 Vest with Molle System, 12 Colors & 4 Sizes, Military-Grade Control for Training, Outdoor & 10+ Breeds</p><p> -24% 0FF </p><p>$15.19</p><a href="https://www.amazon.com/dp/B0F134YP3R?tag=eloabder-20&linkCode=osi&th=1&psc=1">View Product</a></div><div class="product"><a href="https://www.amazon.com/dp/B0DGXJWK9J?tag=eloabder-20&linkCode=osi&th=1&psc=1"><img src="https://m.media-amazon.com/images/I/51mncolU3aL._SL500_.jpg" alt="Product Image"></a><p>SlowTon No Pull Dog Harness - Heavy Duty Dog Harness and Leash Set for Medium Large Dogs, Reflective Tactical Harness with Soft Padded and Front Clip for Easy Walk and Training (Black L)</p><p> -13% 0FF </p><p>$19.99</p><a href="https://www.amazon.com/dp/B0DGXJWK9J?tag=eloabder-20&linkCode=osi&th=1&psc=1">View Product</a></div><div class="product"><a href="https://www.amazon.com/dp/B0DRJYND78?tag=eloabder-20&linkCode=osi&th=1&psc=1"><img src="https://m.media-amazon.com/images/I/41NZVoj8wjL._SL500_.jpg" alt="Product Image"></a><p>Wisedog Reflective No Pull Dog Harness - Adjustable Lightweight Pet Vest with 3 Fast-Release Buckles for Dogs Walking, Running and Training(M, Orange)</p><p> -50% 0FF </p><p>$5.59</p><a href="https://www.amazon.com/dp/B0DRJYND78?tag=eloabder-20&linkCode=osi&th=1&psc=1">View Product</a></div><div class="product"><a href="https://www.amazon.com/dp/B0FFV1QZVJ?tag=eloabder-20&linkCode=osi&th=1&psc=1"><img src="https://m.media-amazon.com/images/I/41BPzHU2wsL._SL500_.jpg" alt="Product Image"></a><p>PWOD No Pull Dog Harness with 2 Leash Clips, Reflective Adjustable Soft Padded Vest with Handle, Breathable Oxford No Choke Pet Vest for Large Dogs, Black,L</p><p> -30% 0FF </p><p>$13.99</p><a href="https://www.amazon.com/dp/B0FFV1QZVJ?tag=eloabder-20&linkCode=osi&th=1&psc=1">View Product</a></div><div class="product"><a href="https://www.amazon.com/dp/B0792XS9B1?tag=eloabder-20&linkCode=osi&th=1&psc=1"><img src="https://m.media-amazon.com/images/I/510eqOLi1TL._SL500_.jpg" alt="Product Image"></a><p>PoyPet No Pull Dog Harness, No Choke Front Lead Dog Reflective Harness, Adjustable Soft Padded Pet Vest with Easy Control Handle for Small to Large Dogs(Pink, Medium)</p><p> -11% 0FF </p><p>$11.99 ($11.99 / count)</p><a href="https://www.amazon.com/dp/B0792XS9B1?tag=eloabder-20&linkCode=osi&th=1&psc=1">View Product</a></div>
<div class="product"><a href="https://www.amazon.com/dp/B08CCGRW5D?tag=eloabder-20&linkCode=osi&th=1&psc=1"><img src="https://m.media-amazon.com/images/I/519rYYNcfDL._SL500_.jpg" alt="Product Image"></a><p>Best Pet Supplies Voyager Step-in Air Harness - All Weather Mesh, Reflective, No Pull Harness for Dogs, Cats - Secure with Hook & Loop Fastener, Buckle, Double D-Rings - Fuchsia, M</p><p> -13% 0FF </p><p>$12.99</p><a href="https://www.amazon.com/dp/B08CCGRW5D?tag=eloabder-20&linkCode=osi&th=1&psc=1">View Product</a></div>
<div class="product"><a href="https://www.amazon.com/dp/B005CUTWDE?tag=eloabder-20&linkCode=osi&th=1&psc=1"><img src="https://m.media-amazon.com/images/I/41j4IEfx6wL._SL500_.jpg" alt="Product Image"></a><p>Wahl USA Dry Skin & Itch Relief Pet Shampoo for Dogs – Oatmeal Formula with Coconut Lime Verbena Scent & Pet Friendly Formula, 24 Oz - Model 820004A</p><p> -10% 0FF </p><p>$8.97</p><a href="https://www.amazon.com/dp/B005CUTWDE?tag=eloabder-20&linkCode=osi&th=1&psc=1">View Product</a></div><div class="product"><a href="https://www.amazon.com/dp/B0791LY9MW?tag=eloabder-20&linkCode=osi&th=1&psc=1"><img src="https://m.media-amazon.com/images/I/510j7m4z+0L._SL500_.jpg" alt="Product Image"></a><p>PAWFUME Deshedding Dog Shampoo and Conditioner, Show Dog, 1-Pack – Nourish & Detangle for Silky Soft Coat – Probiotic, Deep-Cleaning, pH-Balanced Formula – Salon-Quality Shampoo for Dogs</p><p> -13% 0FF </p><p>$13.99 ($1.17 / fluid ounce)</p><a href="https://www.amazon.com/dp/B0791LY9MW?tag=eloabder-20&linkCode=osi&th=1&psc=1">View Product</a></div><div class="product"><a href="https://www.amazon.com/dp/B079T3KSYL?tag=eloabder-20&linkCode=osi&th=1&psc=1"><img src="https://m.media-amazon.com/images/I/411+lEo81xL._SL500_.jpg" alt="Product Image"></a><p>Wahl USA 4-in-1 Calming Pet Shampoo for Dogs with a Lavender Chamomile Scent – Cleans, Conditions, Detangles, & Moisturizes - Pet Friendly Formula – 64 Oz - Model 821000-050</p><p> -10% 0FF </p><p>$21.53 ($0.34 / fluid ounce)</p><a href="https://www.amazon.com/dp/B079T3KSYL?tag=eloabder-20&linkCode=osi&th=1&psc=1">View Product</a></div><div class="product"><a href="https://www.amazon.com/dp/B079T44C3J?tag=eloabder-20&linkCode=osi&th=1&psc=1"><img src="https://m.media-amazon.com/images/I/41aKOigtAPL._SL500_.jpg" alt="Product Image"></a><p>Wahl USA Dry Skin & Itch Relief Pet Shampoo for Dogs – Oatmeal Formula with Coconut Lime Verbena Scent - 64 Oz - Model 821004-050</p><p> -18% 0FF </p><p>$16.48</p><a href="https://www.amazon.com/dp/B079T44C3J?tag=eloabder-20&linkCode=osi&th=1&psc=1">View Product</a></div><div class="product"><a href="https://www.amazon.com/dp/B0DF3W6L1Y?tag=eloabder-20&linkCode=osi&th=1&psc=1"><img src="https://m.media-amazon.com/images/I/314vZFKBT5L._SL500_.jpg" alt="Product Image"></a><p>MRS. MEYER'S Clean Day 3 in 1 Dog Shampoo, Sweet Chamomile Scent, 14oz</p><p> -25% 0FF </p><p>$13.54 ($0.97 / fluid ounce)</p><a href="https://www.amazon.com/dp/B0DF3W6L1Y?tag=eloabder-20&linkCode=osi&th=1&psc=1">View Product</a></div><div class="product"><a href="https://www.amazon.com/dp/B0DF3S2ZFQ?tag=eloabder-20&linkCode=osi&th=1&psc=1"><img src="https://m.media-amazon.com/images/I/31a6kZ5IHLL._SL500_.jpg" alt="Product Image"></a><p>MRS. MEYER'S Clean Day 3 in 1 Dog Shampoo, White Peach Scent, 14oz</p><p> -36% 0FF </p><p>$11.59 ($0.83 / fluid ounce)</p><a href="https://www.amazon.com/dp/B0DF3S2ZFQ?tag=eloabder-20&linkCode=osi&th=1&psc=1">View Product</a></div>
<div class="product"><a href="https://www.amazon.com/dp/B0002J1FOE?tag=eloabder-20&linkCode=osi&th=1&psc=1"><img src="https://m.media-amazon.com/images/I/41MQpL7i06L._SL500_.jpg" alt="Product Image"></a><p>FRONTLINE Plus Flea and Tick Treatment for Large Dogs Up to 45 to 88 lbs. 3 Treatments</p><p> -22% 0FF </p><p>$34.98 ($11.66 / count)</p><a href="https://www.amazon.com/dp/B0002J1FOE?tag=eloabder-20&linkCode=osi&th=1&psc=1">View Product</a></div><div class="product"><a href="https://www.amazon.com/dp/B0002J1F76?tag=eloabder-20&linkCode=osi&th=1&psc=1"><img src="https://m.media-amazon.com/images/I/41dCAf46o0L._SL500_.jpg" alt="Product Image"></a><p>FRONTLINE Plus Flea and Tick Treatment for Cats Over 1.5 lbs. 3 Treatments</p><p> -11% 0FF </p><p>$39.98 ($783.92 / fluid ounce)</p><a href="https://www.amazon.com/dp/B0002J1F76?tag=eloabder-20&linkCode=osi&th=1&psc=1">View Product</a></div><div class="product"><a href="https://www.amazon.com/dp/B0F2HPNQ1W?tag=eloabder-20&linkCode=osi&th=1&psc=1"><img src="https://m.media-amazon.com/images/I/51DP4EE9hiL._SL500_.jpg" alt="Product Image"></a><p>Chewable Flea and Tick Prevention for Dogs - 120 Soft Chews Made in USA - Oral Flea and Tick Control Pills for Small, Medium, Large Dogs and Puppies - Skin and Coat Supplement Treats for All Breeds</p><p> -29% 0FF </p><p>$19.99 ($0.17 / count)</p><a href="https://www.amazon.com/dp/B0F2HPNQ1W?tag=eloabder-20&linkCode=osi&th=1&psc=1">View Product</a></div><div class="product"><a href="https://www.amazon.com/dp/B0002J1FN0?tag=eloabder-20&linkCode=osi&th=1&psc=1"><img src="https://m.media-amazon.com/images/I/41Ife-kF7uL._SL500_.jpg" alt="Product Image"></a><p>FRONTLINE Plus Flea and Tick Treatment for Medium Dogs Up to 23 to 44 lbs. 3 Treatments</p><p> -11% 0FF </p><p>$39.98 ($13.33 / count)</p><a href="https://www.amazon.com/dp/B0002J1FN0?tag=eloabder-20&linkCode=osi&th=1&psc=1">View Product</a></div><div class="product"><a href="https://www.amazon.com/dp/B00WWP1MIK?tag=eloabder-20&linkCode=osi&th=1&psc=1"><img src="https://m.media-amazon.com/images/I/513P0basXRL._SL500_.jpg" alt="Product Image"></a><p>PetArmor Plus Flea and Tick Prevention for Dogs, Large Dog Flea and Tick Treatment, 3 Doses, Waterproof Topical, Fast Acting (45-88 lbs)</p><p> -37% 0FF </p><p>$18.30 ($6.10 / count)</p><a href="https://www.amazon.com/dp/B00WWP1MIK?tag=eloabder-20&linkCode=osi&th=1&psc=1">View Product</a></div>
<div class="product"><a href="https://www.amazon.com/dp/B0009X29WK?tag=eloabder-20&linkCode=osi&th=1&psc=1"><img src="https://m.media-amazon.com/images/I/51aLRVazcoL._SL500_.jpg" alt="Product Image"></a><p>Dr. Elsey's Ultra UnScented Clumping Clay Cat Litter 40 lb. Bag</p><p> -13% 0FF </p><p>$20.99 ($0.03 / fluid ounce)</p><a href="https://www.amazon.com/dp/B0009X29WK?tag=eloabder-20&linkCode=osi&th=1&psc=1">View Product</a></div><div class="product"><a href="https://www.amazon.com/dp/B089LLHMQL?tag=eloabder-20&linkCode=osi&th=1&psc=1"><img src="https://m.media-amazon.com/images/I/51WhnzWdn4L._SL500_.jpg" alt="Product Image"></a><p>ARM & HAMMER Clump & Seal SLIDE Platinum Multi-Cat Clumping Cat Litter, 14-Day Odor Control, EZ Clean Technology, 18 lbs – No Scrubbing, Powerful Odor Eliminator</p><p> -5% 0FF </p><p>$17.99 ($0.06 / fluid ounce)</p><a href="https://www.amazon.com/dp/B089LLHMQL?tag=eloabder-20&linkCode=osi&th=1&psc=1">View Product</a></div><div class="product"><a href="https://www.amazon.com/dp/B0D1LK2G5C?tag=eloabder-20&linkCode=osi&th=1&psc=1"><img src="https://m.media-amazon.com/images/I/41AT3luVpaL._SL500_.jpg" alt="Product Image"></a><p>Cat's Pride New Antibacterial Cat Litter: Destroys 99.9% of Odor-Causing Bacteria - Powerful Odor Control - Premium Lightweight Clumping Litter - Scented, 12 Pounds</p><p> -5% 0FF </p><p>$9.48 ($0.79 / pound)</p><a href="https://www.amazon.com/dp/B0D1LK2G5C?tag=eloabder-20&linkCode=osi&th=1&psc=1">View Product</a></div><div class="product"><a href="https://www.amazon.com/dp/B0DJDNXZYF?tag=eloabder-20&linkCode=osi&th=1&psc=1"><img src="https://m.media-amazon.com/images/I/51GV-bHkChL._SL500_.jpg" alt="Product Image"></a><p>Fresh Step Clumping Cat Litter, Heavy Duty Advanced, Long Lasting 30-Day Odor Control with Odor Eliminating Carbon, 17.5 lb</p><p> -8% 0FF </p><p>$16.80 ($0.96 / pound)</p><a href="https://www.amazon.com/dp/B0DJDNXZYF?tag=eloabder-20&linkCode=osi&th=1&psc=1">View Product</a></div>
<div class="product"><a href="https://www.amazon.com/dp/B0DCNNN5FC?tag=eloabder-20&linkCode=osi&th=1&psc=1"><img src="https://m.media-amazon.com/images/I/51LR5ZHaD4L._SL500_.jpg" alt="Product Image"></a><p>Frienhund Automatic Cat Feeder with 2K Camera: 5G WiFi Automatic Dog Feeder with Night Vision,Cat Food Dispenser with 7L Large Food Storage Container for Multiple Pet,Detachable for Easy Clean -29 Cup</p><p> -17% 0FF </p><p>$57.99</p><a href="https://www.amazon.com/dp/B0DCNNN5FC?tag=eloabder-20&linkCode=osi&th=1&psc=1">View Product</a></div><div class="product"><a href="https://www.amazon.com/dp/B09LD2CD1L?tag=eloabder-20&linkCode=osi&th=1&psc=1"><img src="https://m.media-amazon.com/images/I/31FCol5w8TL._SL500_.jpg" alt="Product Image"></a><p>VOLUAS Automatic Cat Feeders - Timed Pet Feeder for Cats and Dogs with Dry Food Dispenser, Desiccant Bag, Programmable Portion Control, 4 Daily Meals, 10s Voice Recorder</p><p> -27% 0FF </p><p>$39.98</p><a href="https://www.amazon.com/dp/B09LD2CD1L?tag=eloabder-20&linkCode=osi&th=1&psc=1">View Product</a></div><div class="product"><a href="https://www.amazon.com/dp/B0DT47H4JJ?tag=eloabder-20&linkCode=osi&th=1&psc=1"><img src="https://m.media-amazon.com/images/I/41sK3MB5zTL._SL500_.jpg" alt="Product Image"></a><p>Frienhund Automatic Cat Feeder 2 Cats with Slow Feed: Dual Automatic Dog Feeder with 5G WiFi, Cat Food Dispenser with APP Control for Multiple Pets, Detachable for Easy Clean, Double Pet Bowl - 29 Cup</p><p> -19% 0FF </p><p>$56.98</p><a href="https://www.amazon.com/dp/B0DT47H4JJ?tag=eloabder-20&linkCode=osi&th=1&psc=1">View Product</a></div><div class="product"><a href="https://www.amazon.com/dp/B0F9WLTTLC?tag=eloabder-20&linkCode=osi&th=1&psc=1"><img src="https://m.media-amazon.com/images/I/41oqhTdVBgL._SL500_.jpg" alt="Product Image"></a><p>HoneyGuaridan Automatic Cat Feeder for Two Cats, 5G WiFi Smart Feed Pet Feeder with Stainless Steel Bowl,APP Control Dispenser, Dual Power Supply,Desiccant Bag,10s Meal Call Black</p><p> -20% 0FF </p><p>$55.99</p><a href="https://www.amazon.com/dp/B0F9WLTTLC?tag=eloabder-20&linkCode=osi&th=1&psc=1">View Product</a></div><div class="product"><a href="https://www.amazon.com/dp/B09S8WMJY9?tag=eloabder-20&linkCode=osi&th=1&psc=1"><img src="https://m.media-amazon.com/images/I/41BhIBNEoGL._SL500_.jpg" alt="Product Image"></a><p>PETLIBRO Automatic Cat Feeder, 5G WiFi Automatic Dog Food Dispenser with Freshness Preservation, 5L Timed Pet Feeder with Low Food Sensor, Up to 10 Meals Per Day, Granary Black</p><p> -10% 0FF </p><p>$89.99</p><a href="https://www.amazon.com/dp/B09S8WMJY9?tag=eloabder-20&linkCode=osi&th=1&psc=1">View Product</a></div><div class="product"><a href="https://www.amazon.com/dp/B0DQLJJ5XT?tag=eloabder-20&linkCode=osi&th=1&psc=1"><img src="https://m.media-amazon.com/images/I/31AWcXWoThL._SL500_.jpg" alt="Product Image"></a><p>Dual Automatic Cat Feeder 2 Cats,6 Meals/Day,12 Portions/Meal,4.2L Dual Power Double Bowls Feeder,Dry Food Auto Pet Dispenser,10S Voice Record,Flexible Schedule Timer (Black,Stainless Dual Bowls)</p><p> -40% 0FF </p><p>$29.99</p><a href="https://www.amazon.com/dp/B0DQLJJ5XT?tag=eloabder-20&linkCode=osi&th=1&psc=1">View Product</a></div>

<div class="product"><a href="https://www.amazon.com/dp/B07CYW78JY?tag=eloabder-20&linkCode=osi&th=1&psc=1"><img src="https://m.media-amazon.com/images/I/31PZUfPmUVL._SL500_.jpg" alt="Product Image"></a><p>California Costumes, King of The Jungle - Lion, Dog Costume Large</p><p> -39% 0FF </p><p>$15.27</p><a href="https://www.amazon.com/dp/B07CYW78JY?tag=eloabder-20&linkCode=osi&th=1&psc=1">View Product</a></div>
<div class="product"><a href="https://www.amazon.com/dp/B0DGL9BSWS?tag=eloabder-20&linkCode=osi&th=1&psc=1"><img src="https://m.media-amazon.com/images/I/51IZBwrejKL._SL500_.jpg" alt="Product Image"></a><p>Halypet Cat Harness and Leash Set [MAX Safety 4th-Gen Upgrade] Escape Proof Adjustable Cat Leash Comfortable Soft Vest Easy to Wear Kitten Harness with Reflective Strip for Cats Walking, XS Green</p><p> -20% 0FF </p><p>$13.59</p><a href="https://www.amazon.com/dp/B0DGL9BSWS?tag=eloabder-20&linkCode=osi&th=1&psc=1">View Product</a></div><div class="product"><a href="https://www.amazon.com/dp/B0F1TCFL1Q?tag=eloabder-20&linkCode=osi&th=1&psc=1"><img src="https://m.media-amazon.com/images/I/411MNyyz+3L._SL500_.jpg" alt="Product Image"></a><p>rabbitgoo Small Dog Harness, Step-in Soft Mesh Puppy Vest, Easy Walk with Safety Buckle, Breathable Reflective Pet Harness for Small Sized Dogs</p><p> -8% 0FF </p><p>$30.38</p><a href="https://www.amazon.com/dp/B0F1TCFL1Q?tag=eloabder-20&linkCode=osi&th=1&psc=1">View Product</a></div><div class="product"><a href="https://www.amazon.com/dp/B0F2LZ4Y9T?tag=eloabder-20&linkCode=osi&th=1&psc=1"><img src="https://m.media-amazon.com/images/I/413rLsz8xML._SL500_.jpg" alt="Product Image"></a><p>rabbitgoo Small Dog Harness, Step-in Soft Mesh Puppy Vest, Easy Walk with Safety Buckle, Breathable Reflective Pet Harness for Small Sized Dogs</p><p> -8% 0FF </p><p>$30.38</p><a href="https://www.amazon.com/dp/B0F2LZ4Y9T?tag=eloabder-20&linkCode=osi&th=1&psc=1">View Product</a></div>
<div class="product"><a href="https://www.amazon.com/dp/B0FG7XVF8Z?tag=eloabder-20&linkCode=osi&th=1&psc=1"><img src="https://m.media-amazon.com/images/I/41gaO1jHclL._SL500_.jpg" alt="Product Image"></a><p>Dog Tracker-GPS Dog Collar-GPS Tracker for Dogs-Pet Tracker for Dogs | Android and iOS Universal | No Monthly Fee | Waterproof | Works with Any Collar</p><p> -33% 0FF </p><p>$19.99</p><a href="https://www.amazon.com/dp/B0FG7XVF8Z?tag=eloabder-20&linkCode=osi&th=1&psc=1">View Product</a></div><div class="product"><a href="https://www.amazon.com/dp/B0FHHYX4G5?tag=eloabder-20&linkCode=osi&th=1&psc=1"><img src="https://m.media-amazon.com/images/I/41UoHeHXd9L._SL500_.jpg" alt="Product Image"></a><p>New Fi Series 3+ Smart Dog Collar - GPS Dog Tracker and Activity & New Fitness Monitor, Waterproof, LED Light, Escape Alerts, Nationwide Coverage [Free 6 Month Membership] (Pink, Medium)</p><p> -17% 0FF </p><p>$99.00</p><a href="https://www.amazon.com/dp/B0FHHYX4G5?tag=eloabder-20&linkCode=osi&th=1&psc=1">View Product</a></div>

<div class="product"><a href="https://www.amazon.com/dp/B0CGZ7N7J4?tag=eloabder-20&linkCode=osi&th=1&psc=1"><img src="https://m.media-amazon.com/images/I/41dGghK+AoL._SL500_.jpg" alt="Product Image"></a><p>Dokotoo Men Mens Fashion Sweatshirts Fall Winter Clothes Long Sleeve Lightweight Thin Shirt Geometric Texture Dressy Crewneck Pullover Sweaters Brown X-Large</p><p> -11% 0FF </p><p>$19.99</p><a href="https://www.amazon.com/dp/B0CGZ7N7J4?tag=eloabder-20&linkCode=osi&th=1&psc=1">View Product</a></div><div class="product"><a href="https://www.amazon.com/dp/B0D4DG71YH?tag=eloabder-20&linkCode=osi&th=1&psc=1"><img src="https://m.media-amazon.com/images/I/41KS7EqUoGL._SL500_.jpg" alt="Product Image"></a><p>JMIERR Men Sweatshirts Front Collar Comfy Simple Plain Long Sleeve Drawstring Hoodies for Men with Pocket Pullover Casual Fashion Winter Autumn Shirt Big and Tall Sweater, US60(5XL), Khaki</p><p> -14% 0FF </p><p>$29.99</p><a href="https://www.amazon.com/dp/B0D4DG71YH?tag=eloabder-20&linkCode=osi&th=1&psc=1">View Product</a></div>

<div class="product"><a href="https://www.amazon.com/dp/B00ACIGNMY?tag=eloabder-20&linkCode=osi&th=1&psc=1"><img src="https://m.media-amazon.com/images/I/41Je9e62ioL._SL500_.jpg" alt="Product Image"></a><p>Hanes Mens Tagless Briefs, Soft Moisture Wicking Underwear, 7-pack Briefs-underwear, Gray/Black - 7 Pack, Large US</p><p> -43% 0FF </p><p>$24.00</p><a href="https://www.amazon.com/dp/B00ACIGNMY?tag=eloabder-20&linkCode=osi&th=1&psc=1">View Product</a></div><div class="product"><a href="https://www.amazon.com/dp/B00L6TPSHY?tag=eloabder-20&linkCode=osi&th=1&psc=1"><img src="https://m.media-amazon.com/images/I/41mJ+iLWkdL._SL500_.jpg" alt="Product Image"></a><p>Hanes Men's 6-Pack Tagless No Ride Up Briefs with ComfortSoft Waistband, Assorted, Medium</p><p> -10% 0FF </p><p>$17.98</p><a href="https://www.amazon.com/dp/B00L6TPSHY?tag=eloabder-20&linkCode=osi&th=1&psc=1">View Product</a></div><div class="product"><a href="https://www.amazon.com/dp/B07814714H?tag=eloabder-20&linkCode=osi&th=1&psc=1"><img src="https://m.media-amazon.com/images/I/416IVo-7aSL._SL500_.jpg" alt="Product Image"></a><p>Gildan Men's Underwear Covered Waistband Boxer Briefs, Multipack, Mixed Garnet (5-Pack), Large</p><p> -27% 0FF </p><p>$13.09</p><a href="https://www.amazon.com/dp/B07814714H?tag=eloabder-20&linkCode=osi&th=1&psc=1">View Product</a></div>
<div class="product"><a href="https://www.amazon.com/dp/B07FTGY1XR?tag=eloabder-20&linkCode=osi&th=1&psc=1"><img src="https://m.media-amazon.com/images/I/41yHcW15a8L._SL500_.jpg" alt="Product Image"></a><p>NORTIV 8 Men's Insulated Waterproof Construction Hiking Winter Snow Boots,Size 10.5,Black/1,TUNDRA</p><p> -10% 0FF </p><p>$43.19</p><a href="https://www.amazon.com/dp/B07FTGY1XR?tag=eloabder-20&linkCode=osi&th=1&psc=1">View Product</a></div>
<div class="product"><a href="https://www.amazon.com/dp/B0B2JCJ6ZD?tag=eloabder-20&linkCode=osi&th=1&psc=1"><img src="https://m.media-amazon.com/images/I/41VdGeYGPxL._SL500_.jpg" alt="Product Image"></a><p>Bruno Marc Men's Casual Dress Sneaker Shoes, Business Formal Derby Plain Toe Oxfords Crossflex GentEdge,Size 11,Brown,SBOX223M</p><p> -21% 0FF </p><p>$36.54</p><a href="https://www.amazon.com/dp/B0B2JCJ6ZD?tag=eloabder-20&linkCode=osi&th=1&psc=1">View Product</a></div><div class="product"><a href="https://www.amazon.com/dp/B06XC8ZR39?tag=eloabder-20&linkCode=osi&th=1&psc=1"><img src="https://m.media-amazon.com/images/I/41zZ6LIDM7L._SL500_.jpg" alt="Product Image"></a><p>Bruno Marc Men's Dress Oxford Shoes Classic Lace Up Formal Shoes,Size 10.5,Black,DOWNING-02</p><p> -29% 0FF </p><p>$39.99</p><a href="https://www.amazon.com/dp/B06XC8ZR39?tag=eloabder-20&linkCode=osi&th=1&psc=1">View Product</a></div><div class="product"><a href="https://www.amazon.com/dp/B00SMJO8S6?tag=eloabder-20&linkCode=osi&th=1&psc=1"><img src="https://m.media-amazon.com/images/I/315NtaJJD+L._SL500_.jpg" alt="Product Image"></a><p>Clarks Men's Tilden Cap Oxford, Black Leather, 10</p><p> -20% 0FF </p><p>$72.00</p><a href="https://www.amazon.com/dp/B00SMJO8S6?tag=eloabder-20&linkCode=osi&th=1&psc=1">View Product</a></div><div class="product"><a href="https://www.amazon.com/dp/B0D7P3YQ41?tag=eloabder-20&linkCode=osi&th=1&psc=1"><img src="https://m.media-amazon.com/images/I/41HxmcfcX2L._SL500_.jpg" alt="Product Image"></a><p>Bruno Marc Men's MaxFlex Dress Sneakers Oxfords Casual Wingtip Brogue Shoes,Size 11,All Black,SBOX2326M</p><p> -15% 0FF </p><p>$39.09</p><a href="https://www.amazon.com/dp/B0D7P3YQ41?tag=eloabder-20&linkCode=osi&th=1&psc=1">View Product</a></div><div class="product"><a href="https://www.amazon.com/dp/B0007TQ9PY?tag=eloabder-20&linkCode=osi&th=1&psc=1"><img src="https://m.media-amazon.com/images/I/31CtT3W-TML._SL500_.jpg" alt="Product Image"></a><p>Dockers Men’s Gordon Leather Oxford Dress Shoe,Black,10.5 M US</p><p> -47% 0FF </p><p>$45.38</p><a href="https://www.amazon.com/dp/B0007TQ9PY?tag=eloabder-20&linkCode=osi&th=1&psc=1">View Product</a></div><div class="product"><a href="https://www.amazon.com/dp/B0BNWBCKG8?tag=eloabder-20&linkCode=osi&th=1&psc=1"><img src="https://m.media-amazon.com/images/I/31pDIP6AqsL._SL500_.jpg" alt="Product Image"></a><p>Clarks Collection Men's Whiddon Cap Oxford, Mahogany Leather, 7.5 Medium US</p><p> -20% 0FF </p><p>$76.00</p><a href="https://www.amazon.com/dp/B0BNWBCKG8?tag=eloabder-20&linkCode=osi&th=1&psc=1">View Product</a></div><div class="product"><a href="https://www.amazon.com/dp/B01MQVSJVP?tag=eloabder-20&linkCode=osi&th=1&psc=1"><img src="https://m.media-amazon.com/images/I/41nrqB4TeJL._SL500_.jpg" alt="Product Image"></a><p>Cole Haan Men's 2.Zerogrand Laser Wingtip Oxford, British tan/Java, 12</p><p> -17% 0FF </p><p>$139.95</p><a href="https://www.amazon.com/dp/B01MQVSJVP?tag=eloabder-20&linkCode=osi&th=1&psc=1">View Product</a></div><div class="product"><a href="https://www.amazon.com/dp/B01KAU0GZ8?tag=eloabder-20&linkCode=osi&th=1&psc=1"><img src="https://m.media-amazon.com/images/I/415oCa6tRWL._SL500_.jpg" alt="Product Image"></a><p>Bruno Marc Men's Leather Lined Dress Oxfords Shoes,Size 10.5,Brown,PRINCE-16</p><p> -28% 0FF </p><p>$37.99</p><a href="https://www.amazon.com/dp/B01KAU0GZ8?tag=eloabder-20&linkCode=osi&th=1&psc=1">View Product</a></div><div class="product"><a href="https://www.amazon.com/dp/B07TS4PZG1?tag=eloabder-20&linkCode=osi&th=1&psc=1"><img src="https://m.media-amazon.com/images/I/31l3YUpsjbL._SL500_.jpg" alt="Product Image"></a><p>Dr. Scholl's Men's Sync Plain Toe Dress Casual Oxford, Dark Brown Fearless, 9.5 Wide US</p><p> -32% 0FF </p><p>$65.00</p><a href="https://www.amazon.com/dp/B07TS4PZG1?tag=eloabder-20&linkCode=osi&th=1&psc=1">View Product</a></div>
<div class="product"><a href="https://www.amazon.com/dp/B0716GJZ4F?tag=eloabder-20&linkCode=osi&th=1&psc=1"><img src="https://m.media-amazon.com/images/I/51o8iPeFUOL._SL500_.jpg" alt="Product Image"></a><p>Dockers Men's Newpage Sandal briar 10 W US</p><p> -51% 0FF </p><p>$34.48</p><a href="https://www.amazon.com/dp/B0716GJZ4F?tag=eloabder-20&linkCode=osi&th=1&psc=1">View Product</a></div><div class="product"><a href="https://www.amazon.com/dp/B09ZF3H6LN?tag=eloabder-20&linkCode=osi&th=1&psc=1"><img src="https://m.media-amazon.com/images/I/41EpoR9OprL._SL500_.jpg" alt="Product Image"></a><p>KuaiLu Men's Leather Flip Flops Arch Support Summer Beach Pool Water Thong Sandals Waterproof Rubber Walking Shoes Slip on Orthotic Casual Sport Cushioned Wide Slides Shower Slippers Brown Size 10.5</p><p> -25% 0FF </p><p>$14.99</p><a href="https://www.amazon.com/dp/B09ZF3H6LN?tag=eloabder-20&linkCode=osi&th=1&psc=1">View Product</a></div><div class="product"><a href="https://www.amazon.com/dp/B08R3GHLNH?tag=eloabder-20&linkCode=osi&th=1&psc=1"><img src="https://m.media-amazon.com/images/I/41VT1u9LgbL._SL500_.jpg" alt="Product Image"></a><p>FITORY Mens Sandals, Arch Support Slides with Adjustable Buckle Straps and Cork Footbed Brown Size 10</p><p> -45% 0FF </p><p>$27.54</p><a href="https://www.amazon.com/dp/B08R3GHLNH?tag=eloabder-20&linkCode=osi&th=1&psc=1">View Product</a></div><div class="product"><a href="https://www.amazon.com/dp/B07CZ54WT4?tag=eloabder-20&linkCode=osi&th=1&psc=1"><img src="https://m.media-amazon.com/images/I/31iUYzt74kL._SL500_.jpg" alt="Product Image"></a><p>Reef Cushion Phantom Men's Sandals Brown/tan - 11 Medium</p><p> -33% 0FF </p><p>$39.97</p><a href="https://www.amazon.com/dp/B07CZ54WT4?tag=eloabder-20&linkCode=osi&th=1&psc=1">View Product</a></div><div class="product"><a href="https://www.amazon.com/dp/B00ZUY6YZQ?tag=eloabder-20&linkCode=osi&th=1&psc=1"><img src="https://m.media-amazon.com/images/I/31G+uOysh5L._SL500_.jpg" alt="Product Image"></a><p>Reef Fanning Sandals - Men's, Black/Silver 12 M</p><p> -35% 0FF </p><p>$41.94</p><a href="https://www.amazon.com/dp/B00ZUY6YZQ?tag=eloabder-20&linkCode=osi&th=1&psc=1">View Product</a></div><div class="product"><a href="https://www.amazon.com/dp/B01M3RJ93F?tag=eloabder-20&linkCode=osi&th=1&psc=1"><img src="https://m.media-amazon.com/images/I/310dfFkW6rL._SL500_.jpg" alt="Product Image"></a><p>Dockers Men's Sunland Slide Sandal, Black, 10</p><p> -51% 0FF </p><p>$34.19</p><a href="https://www.amazon.com/dp/B01M3RJ93F?tag=eloabder-20&linkCode=osi&th=1&psc=1">View Product</a></div><div class="product"><a href="https://www.amazon.com/dp/B07X3FKWYS?tag=eloabder-20&linkCode=osi&th=1&psc=1"><img src="https://m.media-amazon.com/images/I/414ynAyoIjL._SL500_.jpg" alt="Product Image"></a><p>Jousen Men's Sandals Leather Open Toe Beach Sandal Dark Brown Outdoor Summer Sport Sandals (AMY662 Dark Brown 10)</p><p> -28% 0FF </p><p>$32.99</p><a href="https://www.amazon.com/dp/B07X3FKWYS?tag=eloabder-20&linkCode=osi&th=1&psc=1">View Product</a></div><div class="product"><a href="https://www.amazon.com/dp/B07BPZKSJZ?tag=eloabder-20&linkCode=osi&th=1&psc=1"><img src="https://m.media-amazon.com/images/I/51OgnHDzWTL._SL500_.jpg" alt="Product Image"></a><p>BINSHUN Sandals for Men Leather Hiking Sandals Athletic Walking Sports Fisherman Beach Shoes with Closed Toe</p><p> -10% 0FF </p><p>$29.87</p><a href="https://www.amazon.com/dp/B07BPZKSJZ?tag=eloabder-20&linkCode=osi&th=1&psc=1">View Product</a></div><div class="product"><a href="https://www.amazon.com/dp/B08YR1F8LQ?tag=eloabder-20&linkCode=osi&th=1&psc=1"><img src="https://m.media-amazon.com/images/I/41hSD6Adm1L._SL500_.jpg" alt="Product Image"></a><p>KuaiLu Mens Leather Sport Flip Flops Comfort Orthotic Thong Sandals with Plantar Fasciitis Arch Support for Outdoor Summer</p><p> -22% 0FF </p><p>$27.99</p><a href="https://www.amazon.com/dp/B08YR1F8LQ?tag=eloabder-20&linkCode=osi&th=1&psc=1">View Product</a></div>
<div class="product"><a href="https://www.amazon.com/dp/B09M3Z63QP?tag=eloabder-20&linkCode=osi&th=1&psc=1"><img src="https://m.media-amazon.com/images/I/51xLtsQ3QuL._SL500_.jpg" alt="Product Image"></a><p>RUNBOX Men's Wallets 15 Card Holder Slim Rfid Leather 2 ID Window With Gift Box Men's Accessories</p><p> -32% 0FF </p><p>$14.99</p><a href="https://www.amazon.com/dp/B09M3Z63QP?tag=eloabder-20&linkCode=osi&th=1&psc=1">View Product</a></div><div class="product"><a href="https://www.amazon.com/dp/B092VR48NK?tag=eloabder-20&linkCode=osi&th=1&psc=1"><img src="https://m.media-amazon.com/images/I/519fN7eFdjL._SL500_.jpg" alt="Product Image"></a><p>RUNBOX Novelty Wallet for Men Slim 11 Credit Card Holder Slots Leather RFID Blocking Small Thin Men's Wallet Bifold Minimalist Front Pocket Large Capacity Gift Box</p><p> -60% 0FF </p><p>$11.99</p><a href="https://www.amazon.com/dp/B092VR48NK?tag=eloabder-20&linkCode=osi&th=1&psc=1">View Product</a></div><div class="product"><a href="https://www.amazon.com/dp/B0FCFLBPRZ?tag=eloabder-20&linkCode=osi&th=1&psc=1"><img src="https://m.media-amazon.com/images/I/41H9+SOX03L._SL500_.jpg" alt="Product Image"></a><p>Wallet for Men, RFID Wallet with Money Clip & ID Window, Minimalist Pop Up Credit Card Case Holder 10-12 Cards, Bifold Slim Smart Wallet for Front Pocket, Compact Metal Wallets, Gifts for Men, Carbon</p><p> -49% 0FF </p><p>$18.99</p><a href="https://www.amazon.com/dp/B0FCFLBPRZ?tag=eloabder-20&linkCode=osi&th=1&psc=1">View Product</a></div>
<div class="product"><a href="https://www.amazon.com/dp/B0BW8Q72R5?tag=eloabder-20&linkCode=osi&th=1&psc=1"><img src="https://m.media-amazon.com/images/I/41XQ7S39MmL._SL500_.jpg" alt="Product Image"></a><p>CARITATE Black Beaded Bracelets for Men Boys - 6mm Obsidian Onyx Lava Beads Mens Bracelet Set Mens Jewelry - Cool Anniversary Valentines Fathers Birthday Gifts for Him Boyfriend Husband Man Son Dad</p><p> -20% 0FF </p><p>$11.19</p><a href="https://www.amazon.com/dp/B0BW8Q72R5?tag=eloabder-20&linkCode=osi&th=1&psc=1">View Product</a></div><div class="product"><a href="https://www.amazon.com/dp/B0D47HNYR7?tag=eloabder-20&linkCode=osi&th=1&psc=1"><img src="https://m.media-amazon.com/images/I/21p1U2mzHKL._SL500_.jpg" alt="Product Image"></a><p>YANCHUN Necklace for Men Stocking Stuffers Black Beaded Puka Shell Necklaces Chain Christmas Gifts for Men Jewelry Gift for Dad Son Husband Boyfriend</p><p> -17% 0FF </p><p>$9.99</p><a href="https://www.amazon.com/dp/B0D47HNYR7?tag=eloabder-20&linkCode=osi&th=1&psc=1">View Product</a></div>
<div class="product"><a href="https://www.amazon.com/dp/B0DRCKRXFY?tag=eloabder-20&linkCode=osi&th=1&psc=1"><img src="https://m.media-amazon.com/images/I/41uAEGF-aKL._SL500_.jpg" alt="Product Image"></a><p>Romass 4Pcs Cross Necklace for Men,Stainless Steel Chains for Men Layered Necklaces Silver Gold Black Pendant Jewelry Box Gifts 18-24 Inches (4Pcs 18in/20in, Silver+Black)</p><p> -17% 0FF </p><p>$9.99</p><a href="https://www.amazon.com/dp/B0DRCKRXFY?tag=eloabder-20&linkCode=osi&th=1&psc=1">View Product</a></div><div class="product"><a href="https://www.amazon.com/dp/B07MMTTSYZ?tag=eloabder-20&linkCode=osi&th=1&psc=1"><img src="https://m.media-amazon.com/images/I/41TaHHkYRzL._SL500_.jpg" alt="Product Image"></a><p>Jstyle Stainless Steel Pendant Necklace For Mens Cool Spearpoint Arrowhead Pendant Chain Necklace Set Black & Silver Tone</p><p> -5% 0FF </p><p>$17.99</p><a href="https://www.amazon.com/dp/B07MMTTSYZ?tag=eloabder-20&linkCode=osi&th=1&psc=1">View Product</a></div><div class="product"><a href="https://www.amazon.com/dp/B0B6SBGWD1?tag=eloabder-20&linkCode=osi&th=1&psc=1"><img src="https://m.media-amazon.com/images/I/412V9xmzp9L._SL500_.jpg" alt="Product Image"></a><p>Yooblue Cross Necklace for Men - Stainless Steel Cross Chain Necklace for Men, Mens Jewelry Cross Pendant Cross Necklace, Layered Silver Chain for Men</p><p> -38% 0FF </p><p>$9.99</p><a href="https://www.amazon.com/dp/B0B6SBGWD1?tag=eloabder-20&linkCode=osi&th=1&psc=1">View Product</a></div><div class="product"><a href="https://www.amazon.com/dp/B0F9NQFZ3B?tag=eloabder-20&linkCode=osi&th=1&psc=1"><img src="https://m.media-amazon.com/images/I/31GB2zqKPlL._SL500_.jpg" alt="Product Image"></a><p>OLARCU 3.5mm Mens Silver Stainless Steel Cuban Link Chain Necklace for Men (3.5mm-Silver, 20 Inches)</p><p> -25% 0FF </p><p>$11.28</p><a href="https://www.amazon.com/dp/B0F9NQFZ3B?tag=eloabder-20&linkCode=osi&th=1&psc=1">View Product</a></div>
<div class="product"><a href="https://www.amazon.com/dp/B06XWM86PP?tag=eloabder-20&linkCode=osi&th=1&psc=1"><img src="https://m.media-amazon.com/images/I/316Oy2Nf6WL._SL500_.jpg" alt="Product Image"></a><p>Amazon Essentials Men's Classic-Fit 9" Chino Shorts, Deep Blue, 31</p><p> -13% 0FF </p><p>$16.03</p><a href="https://www.amazon.com/dp/B06XWM86PP?tag=eloabder-20&linkCode=osi&th=1&psc=1">View Product</a></div><div class="product"><a href="https://www.amazon.com/dp/B0BHXHSFK9?tag=eloabder-20&linkCode=osi&th=1&psc=1"><img src="https://m.media-amazon.com/images/I/41aMCAVm+TL._SL500_.jpg" alt="Product Image"></a><p>Nike Men's Essential Micro Boxer 3 Pack Brief, Black/Grey/Blue, Medium</p><p> -8% 0FF </p><p>$36.38</p><a href="https://www.amazon.com/dp/B0BHXHSFK9?tag=eloabder-20&linkCode=osi&th=1&psc=1">View Product</a></div><div class="product"><a href="https://www.amazon.com/dp/B0CPQ998G1?tag=eloabder-20&linkCode=osi&th=1&psc=1"><img src="https://m.media-amazon.com/images/I/21Bx3WN1FBL._SL500_.jpg" alt="Product Image"></a><p>HEYDUDE Sirocco Alta M Essentials White/White Size 11, Men's Shoes, Casual Sneakers, Comfortable & Light-Weight</p><p> -38% 0FF </p><p>$49.39</p><a href="https://www.amazon.com/dp/B0CPQ998G1?tag=eloabder-20&linkCode=osi&th=1&psc=1">View Product</a></div><div class="product"><a href="https://www.amazon.com/dp/B08M81BY33?tag=eloabder-20&linkCode=osi&th=1&psc=1"><img src="https://m.media-amazon.com/images/I/31hJHjIF4jL._SL500_.jpg" alt="Product Image"></a><p>adidas Men's Essentials Warm-up 3-Stripes Track Top, Black/White, XX-Large</p><p> -27% 0FF </p><p>$39.99</p><a href="https://www.amazon.com/dp/B08M81BY33?tag=eloabder-20&linkCode=osi&th=1&psc=1">View Product</a></div><div class="product"><a href="https://www.amazon.com/dp/B08MKRSK99?tag=eloabder-20&linkCode=osi&th=1&psc=1"><img src="https://m.media-amazon.com/images/I/31LQExPPcpL._SL500_.jpg" alt="Product Image"></a><p>adidas mens Essentials Warm-up Slim Tapered 3-stripes Tracksuit Bottoms Pants, Black/White, X-Small US</p><p> -33% 0FF </p><p>$29.99</p><a href="https://www.amazon.com/dp/B08MKRSK99?tag=eloabder-20&linkCode=osi&th=1&psc=1">View Product</a></div><div class="product"><a href="https://www.amazon.com/dp/B0D28H1K7X?tag=eloabder-20&linkCode=osi&th=1&psc=1"><img src="https://m.media-amazon.com/images/I/31F0UxW8YHL._SL500_.jpg" alt="Product Image"></a><p>adidas Men's Essentials 3-Stripes Sportswear Windbreaker, White/Black, X-Large</p><p> -43% 0FF </p><p>$39.80</p><a href="https://www.amazon.com/dp/B0D28H1K7X?tag=eloabder-20&linkCode=osi&th=1&psc=1">View Product</a></div>

<div class="product"><a href="https://www.amazon.com/dp/B0CGZ7N7J4?tag=eloabder-20&linkCode=osi&th=1&psc=1"><img src="https://m.media-amazon.com/images/I/41dGghK+AoL._SL500_.jpg" alt="Product Image"></a><p>Dokotoo Men Mens Fashion Sweatshirts Fall Winter Clothes Long Sleeve Lightweight Thin Shirt Geometric Texture Dressy Crewneck Pullover Sweaters Brown X-Large</p><p> -11% 0FF </p><p>$19.99</p><a href="https://www.amazon.com/dp/B0CGZ7N7J4?tag=eloabder-20&linkCode=osi&th=1&psc=1">View Product</a></div><div class="product"><a href="https://www.amazon.com/dp/B0D4DG71YH?tag=eloabder-20&linkCode=osi&th=1&psc=1"><img src="https://m.media-amazon.com/images/I/41KS7EqUoGL._SL500_.jpg" alt="Product Image"></a><p>JMIERR Men Sweatshirts Front Collar Comfy Simple Plain Long Sleeve Drawstring Hoodies for Men with Pocket Pullover Casual Fashion Winter Autumn Shirt Big and Tall Sweater, US60(5XL), Khaki</p><p> -14% 0FF </p><p>$29.99</p><a href="https://www.amazon.com/dp/B0D4DG71YH?tag=eloabder-20&linkCode=osi&th=1&psc=1">View Product</a></div>

<div class="product"><a href="https://www.amazon.com/dp/B00ACIGNMY?tag=eloabder-20&linkCode=osi&th=1&psc=1"><img src="https://m.media-amazon.com/images/I/41Je9e62ioL._SL500_.jpg" alt="Product Image"></a><p>Hanes Mens Tagless Briefs, Soft Moisture Wicking Underwear, 7-pack Briefs-underwear, Gray/Black - 7 Pack, Large US</p><p> -43% 0FF </p><p>$24.00</p><a href="https://www.amazon.com/dp/B00ACIGNMY?tag=eloabder-20&linkCode=osi&th=1&psc=1">View Product</a></div><div class="product"><a href="https://www.amazon.com/dp/B00L6TPSHY?tag=eloabder-20&linkCode=osi&th=1&psc=1"><img src="https://m.media-amazon.com/images/I/41mJ+iLWkdL._SL500_.jpg" alt="Product Image"></a><p>Hanes Men's 6-Pack Tagless No Ride Up Briefs with ComfortSoft Waistband, Assorted, Medium</p><p> -10% 0FF </p><p>$17.98</p><a href="https://www.amazon.com/dp/B00L6TPSHY?tag=eloabder-20&linkCode=osi&th=1&psc=1">View Product</a></div><div class="product"><a href="https://www.amazon.com/dp/B07814714H?tag=eloabder-20&linkCode=osi&th=1&psc=1"><img src="https://m.media-amazon.com/images/I/416IVo-7aSL._SL500_.jpg" alt="Product Image"></a><p>Gildan Men's Underwear Covered Waistband Boxer Briefs, Multipack, Mixed Garnet (5-Pack), Large</p><p> -27% 0FF </p><p>$13.09</p><a href="https://www.amazon.com/dp/B07814714H?tag=eloabder-20&linkCode=osi&th=1&psc=1">View Product</a></div>
<div class="product"><a href="https://www.amazon.com/dp/B07FTGY1XR?tag=eloabder-20&linkCode=osi&th=1&psc=1"><img src="https://m.media-amazon.com/images/I/41yHcW15a8L._SL500_.jpg" alt="Product Image"></a><p>NORTIV 8 Men's Insulated Waterproof Construction Hiking Winter Snow Boots,Size 10.5,Black/1,TUNDRA</p><p> -10% 0FF </p><p>$43.19</p><a href="https://www.amazon.com/dp/B07FTGY1XR?tag=eloabder-20&linkCode=osi&th=1&psc=1">View Product</a></div>
<div class="product"><a href="https://www.amazon.com/dp/B0B2JCJ6ZD?tag=eloabder-20&linkCode=osi&th=1&psc=1"><img src="https://m.media-amazon.com/images/I/41VdGeYGPxL._SL500_.jpg" alt="Product Image"></a><p>Bruno Marc Men's Casual Dress Sneaker Shoes, Business Formal Derby Plain Toe Oxfords Crossflex GentEdge,Size 11,Brown,SBOX223M</p><p> -21% 0FF </p><p>$36.54</p><a href="https://www.amazon.com/dp/B0B2JCJ6ZD?tag=eloabder-20&linkCode=osi&th=1&psc=1">View Product</a></div><div class="product"><a href="https://www.amazon.com/dp/B06XC8ZR39?tag=eloabder-20&linkCode=osi&th=1&psc=1"><img src="https://m.media-amazon.com/images/I/41zZ6LIDM7L._SL500_.jpg" alt="Product Image"></a><p>Bruno Marc Men's Dress Oxford Shoes Classic Lace Up Formal Shoes,Size 10.5,Black,DOWNING-02</p><p> -29% 0FF </p><p>$39.99</p><a href="https://www.amazon.com/dp/B06XC8ZR39?tag=eloabder-20&linkCode=osi&th=1&psc=1">View Product</a></div><div class="product"><a href="https://www.amazon.com/dp/B00SMJO8S6?tag=eloabder-20&linkCode=osi&th=1&psc=1"><img src="https://m.media-amazon.com/images/I/315NtaJJD+L._SL500_.jpg" alt="Product Image"></a><p>Clarks Men's Tilden Cap Oxford, Black Leather, 10</p><p> -20% 0FF </p><p>$72.00</p><a href="https://www.amazon.com/dp/B00SMJO8S6?tag=eloabder-20&linkCode=osi&th=1&psc=1">View Product</a></div><div class="product"><a href="https://www.amazon.com/dp/B0D7P3YQ41?tag=eloabder-20&linkCode=osi&th=1&psc=1"><img src="https://m.media-amazon.com/images/I/41HxmcfcX2L._SL500_.jpg" alt="Product Image"></a><p>Bruno Marc Men's MaxFlex Dress Sneakers Oxfords Casual Wingtip Brogue Shoes,Size 11,All Black,SBOX2326M</p><p> -15% 0FF </p><p>$39.09</p><a href="https://www.amazon.com/dp/B0D7P3YQ41?tag=eloabder-20&linkCode=osi&th=1&psc=1">View Product</a></div><div class="product"><a href="https://www.amazon.com/dp/B0007TQ9PY?tag=eloabder-20&linkCode=osi&th=1&psc=1"><img src="https://m.media-amazon.com/images/I/31CtT3W-TML._SL500_.jpg" alt="Product Image"></a><p>Dockers Men’s Gordon Leather Oxford Dress Shoe,Black,10.5 M US</p><p> -47% 0FF </p><p>$45.38</p><a href="https://www.amazon.com/dp/B0007TQ9PY?tag=eloabder-20&linkCode=osi&th=1&psc=1">View Product</a></div><div class="product"><a href="https://www.amazon.com/dp/B0BNWBCKG8?tag=eloabder-20&linkCode=osi&th=1&psc=1"><img src="https://m.media-amazon.com/images/I/31pDIP6AqsL._SL500_.jpg" alt="Product Image"></a><p>Clarks Collection Men's Whiddon Cap Oxford, Mahogany Leather, 7.5 Medium US</p><p> -20% 0FF </p><p>$76.00</p><a href="https://www.amazon.com/dp/B0BNWBCKG8?tag=eloabder-20&linkCode=osi&th=1&psc=1">View Product</a></div><div class="product"><a href="https://www.amazon.com/dp/B01MQVSJVP?tag=eloabder-20&linkCode=osi&th=1&psc=1"><img src="https://m.media-amazon.com/images/I/41nrqB4TeJL._SL500_.jpg" alt="Product Image"></a><p>Cole Haan Men's 2.Zerogrand Laser Wingtip Oxford, British tan/Java, 12</p><p> -17% 0FF </p><p>$139.95</p><a href="https://www.amazon.com/dp/B01MQVSJVP?tag=eloabder-20&linkCode=osi&th=1&psc=1">View Product</a></div><div class="product"><a href="https://www.amazon.com/dp/B01KAU0GZ8?tag=eloabder-20&linkCode=osi&th=1&psc=1"><img src="https://m.media-amazon.com/images/I/415oCa6tRWL._SL500_.jpg" alt="Product Image"></a><p>Bruno Marc Men's Leather Lined Dress Oxfords Shoes,Size 10.5,Brown,PRINCE-16</p><p> -28% 0FF </p><p>$37.99</p><a href="https://www.amazon.com/dp/B01KAU0GZ8?tag=eloabder-20&linkCode=osi&th=1&psc=1">View Product</a></div><div class="product"><a href="https://www.amazon.com/dp/B07TS4PZG1?tag=eloabder-20&linkCode=osi&th=1&psc=1"><img src="https://m.media-amazon.com/images/I/31l3YUpsjbL._SL500_.jpg" alt="Product Image"></a><p>Dr. Scholl's Men's Sync Plain Toe Dress Casual Oxford, Dark Brown Fearless, 9.5 Wide US</p><p> -32% 0FF </p><p>$65.00</p><a href="https://www.amazon.com/dp/B07TS4PZG1?tag=eloabder-20&linkCode=osi&th=1&psc=1">View Product</a></div>
<div class="product"><a href="https://www.amazon.com/dp/B0716GJZ4F?tag=eloabder-20&linkCode=osi&th=1&psc=1"><img src="https://m.media-amazon.com/images/I/51o8iPeFUOL._SL500_.jpg" alt="Product Image"></a><p>Dockers Men's Newpage Sandal briar 10 W US</p><p> -51% 0FF </p><p>$34.48</p><a href="https://www.amazon.com/dp/B0716GJZ4F?tag=eloabder-20&linkCode=osi&th=1&psc=1">View Product</a></div><div class="product"><a href="https://www.amazon.com/dp/B09ZF3H6LN?tag=eloabder-20&linkCode=osi&th=1&psc=1"><img src="https://m.media-amazon.com/images/I/41EpoR9OprL._SL500_.jpg" alt="Product Image"></a><p>KuaiLu Men's Leather Flip Flops Arch Support Summer Beach Pool Water Thong Sandals Waterproof Rubber Walking Shoes Slip on Orthotic Casual Sport Cushioned Wide Slides Shower Slippers Brown Size 10.5</p><p> -25% 0FF </p><p>$14.99</p><a href="https://www.amazon.com/dp/B09ZF3H6LN?tag=eloabder-20&linkCode=osi&th=1&psc=1">View Product</a></div><div class="product"><a href="https://www.amazon.com/dp/B08R3GHLNH?tag=eloabder-20&linkCode=osi&th=1&psc=1"><img src="https://m.media-amazon.com/images/I/41VT1u9LgbL._SL500_.jpg" alt="Product Image"></a><p>FITORY Mens Sandals, Arch Support Slides with Adjustable Buckle Straps and Cork Footbed Brown Size 10</p><p> -45% 0FF </p><p>$27.54</p><a href="https://www.amazon.com/dp/B08R3GHLNH?tag=eloabder-20&linkCode=osi&th=1&psc=1">View Product</a></div><div class="product"><a href="https://www.amazon.com/dp/B07CZ54WT4?tag=eloabder-20&linkCode=osi&th=1&psc=1"><img src="https://m.media-amazon.com/images/I/31iUYzt74kL._SL500_.jpg" alt="Product Image"></a><p>Reef Cushion Phantom Men's Sandals Brown/tan - 11 Medium</p><p> -33% 0FF </p><p>$39.97</p><a href="https://www.amazon.com/dp/B07CZ54WT4?tag=eloabder-20&linkCode=osi&th=1&psc=1">View Product</a></div><div class="product"><a href="https://www.amazon.com/dp/B00ZUY6YZQ?tag=eloabder-20&linkCode=osi&th=1&psc=1"><img src="https://m.media-amazon.com/images/I/31G+uOysh5L._SL500_.jpg" alt="Product Image"></a><p>Reef Fanning Sandals - Men's, Black/Silver 12 M</p><p> -35% 0FF </p><p>$41.94</p><a href="https://www.amazon.com/dp/B00ZUY6YZQ?tag=eloabder-20&linkCode=osi&th=1&psc=1">View Product</a></div><div class="product"><a href="https://www.amazon.com/dp/B01M3RJ93F?tag=eloabder-20&linkCode=osi&th=1&psc=1"><img src="https://m.media-amazon.com/images/I/310dfFkW6rL._SL500_.jpg" alt="Product Image"></a><p>Dockers Men's Sunland Slide Sandal, Black, 10</p><p> -51% 0FF </p><p>$34.19</p><a href="https://www.amazon.com/dp/B01M3RJ93F?tag=eloabder-20&linkCode=osi&th=1&psc=1">View Product</a></div><div class="product"><a href="https://www.amazon.com/dp/B07X3FKWYS?tag=eloabder-20&linkCode=osi&th=1&psc=1"><img src="https://m.media-amazon.com/images/I/414ynAyoIjL._SL500_.jpg" alt="Product Image"></a><p>Jousen Men's Sandals Leather Open Toe Beach Sandal Dark Brown Outdoor Summer Sport Sandals (AMY662 Dark Brown 10)</p><p> -28% 0FF </p><p>$32.99</p><a href="https://www.amazon.com/dp/B07X3FKWYS?tag=eloabder-20&linkCode=osi&th=1&psc=1">View Product</a></div><div class="product"><a href="https://www.amazon.com/dp/B07BPZKSJZ?tag=eloabder-20&linkCode=osi&th=1&psc=1"><img src="https://m.media-amazon.com/images/I/51OgnHDzWTL._SL500_.jpg" alt="Product Image"></a><p>BINSHUN Sandals for Men Leather Hiking Sandals Athletic Walking Sports Fisherman Beach Shoes with Closed Toe</p><p> -10% 0FF </p><p>$29.87</p><a href="https://www.amazon.com/dp/B07BPZKSJZ?tag=eloabder-20&linkCode=osi&th=1&psc=1">View Product</a></div><div class="product"><a href="https://www.amazon.com/dp/B08YR1F8LQ?tag=eloabder-20&linkCode=osi&th=1&psc=1"><img src="https://m.media-amazon.com/images/I/41hSD6Adm1L._SL500_.jpg" alt="Product Image"></a><p>KuaiLu Mens Leather Sport Flip Flops Comfort Orthotic Thong Sandals with Plantar Fasciitis Arch Support for Outdoor Summer</p><p> -22% 0FF </p><p>$27.99</p><a href="https://www.amazon.com/dp/B08YR1F8LQ?tag=eloabder-20&linkCode=osi&th=1&psc=1">View Product</a></div>
<div class="product"><a href="https://www.amazon.com/dp/B09M3Z63QP?tag=eloabder-20&linkCode=osi&th=1&psc=1"><img src="https://m.media-amazon.com/images/I/51xLtsQ3QuL._SL500_.jpg" alt="Product Image"></a><p>RUNBOX Men's Wallets 15 Card Holder Slim Rfid Leather 2 ID Window With Gift Box Men's Accessories</p><p> -32% 0FF </p><p>$14.99</p><a href="https://www.amazon.com/dp/B09M3Z63QP?tag=eloabder-20&linkCode=osi&th=1&psc=1">View Product</a></div><div class="product"><a href="https://www.amazon.com/dp/B092VR48NK?tag=eloabder-20&linkCode=osi&th=1&psc=1"><img src="https://m.media-amazon.com/images/I/519fN7eFdjL._SL500_.jpg" alt="Product Image"></a><p>RUNBOX Novelty Wallet for Men Slim 11 Credit Card Holder Slots Leather RFID Blocking Small Thin Men's Wallet Bifold Minimalist Front Pocket Large Capacity Gift Box</p><p> -60% 0FF </p><p>$11.99</p><a href="https://www.amazon.com/dp/B092VR48NK?tag=eloabder-20&linkCode=osi&th=1&psc=1">View Product</a></div><div class="product"><a href="https://www.amazon.com/dp/B0FCFLBPRZ?tag=eloabder-20&linkCode=osi&th=1&psc=1"><img src="https://m.media-amazon.com/images/I/41H9+SOX03L._SL500_.jpg" alt="Product Image"></a><p>Wallet for Men, RFID Wallet with Money Clip & ID Window, Minimalist Pop Up Credit Card Case Holder 10-12 Cards, Bifold Slim Smart Wallet for Front Pocket, Compact Metal Wallets, Gifts for Men, Carbon</p><p> -49% 0FF </p><p>$18.99</p><a href="https://www.amazon.com/dp/B0FCFLBPRZ?tag=eloabder-20&linkCode=osi&th=1&psc=1">View Product</a></div>
<div class="product"><a href="https://www.amazon.com/dp/B0BW8Q72R5?tag=eloabder-20&linkCode=osi&th=1&psc=1"><img src="https://m.media-amazon.com/images/I/41XQ7S39MmL._SL500_.jpg" alt="Product Image"></a><p>CARITATE Black Beaded Bracelets for Men Boys - 6mm Obsidian Onyx Lava Beads Mens Bracelet Set Mens Jewelry - Cool Anniversary Valentines Fathers Birthday Gifts for Him Boyfriend Husband Man Son Dad</p><p> -20% 0FF </p><p>$11.19</p><a href="https://www.amazon.com/dp/B0BW8Q72R5?tag=eloabder-20&linkCode=osi&th=1&psc=1">View Product</a></div><div class="product"><a href="https://www.amazon.com/dp/B0D47HNYR7?tag=eloabder-20&linkCode=osi&th=1&psc=1"><img src="https://m.media-amazon.com/images/I/21p1U2mzHKL._SL500_.jpg" alt="Product Image"></a><p>YANCHUN Necklace for Men Stocking Stuffers Black Beaded Puka Shell Necklaces Chain Christmas Gifts for Men Jewelry Gift for Dad Son Husband Boyfriend</p><p> -17% 0FF </p><p>$9.99</p><a href="https://www.amazon.com/dp/B0D47HNYR7?tag=eloabder-20&linkCode=osi&th=1&psc=1">View Product</a></div>
<div class="product"><a href="https://www.amazon.com/dp/B0DRCKRXFY?tag=eloabder-20&linkCode=osi&th=1&psc=1"><img src="https://m.media-amazon.com/images/I/41uAEGF-aKL._SL500_.jpg" alt="Product Image"></a><p>Romass 4Pcs Cross Necklace for Men,Stainless Steel Chains for Men Layered Necklaces Silver Gold Black Pendant Jewelry Box Gifts 18-24 Inches (4Pcs 18in/20in, Silver+Black)</p><p> -17% 0FF </p><p>$9.99</p><a href="https://www.amazon.com/dp/B0DRCKRXFY?tag=eloabder-20&linkCode=osi&th=1&psc=1">View Product</a></div><div class="product"><a href="https://www.amazon.com/dp/B07MMTTSYZ?tag=eloabder-20&linkCode=osi&th=1&psc=1"><img src="https://m.media-amazon.com/images/I/41TaHHkYRzL._SL500_.jpg" alt="Product Image"></a><p>Jstyle Stainless Steel Pendant Necklace For Mens Cool Spearpoint Arrowhead Pendant Chain Necklace Set Black & Silver Tone</p><p> -5% 0FF </p><p>$17.99</p><a href="https://www.amazon.com/dp/B07MMTTSYZ?tag=eloabder-20&linkCode=osi&th=1&psc=1">View Product</a></div><div class="product"><a href="https://www.amazon.com/dp/B0B6SBGWD1?tag=eloabder-20&linkCode=osi&th=1&psc=1"><img src="https://m.media-amazon.com/images/I/412V9xmzp9L._SL500_.jpg" alt="Product Image"></a><p>Yooblue Cross Necklace for Men - Stainless Steel Cross Chain Necklace for Men, Mens Jewelry Cross Pendant Cross Necklace, Layered Silver Chain for Men</p><p> -38% 0FF </p><p>$9.99</p><a href="https://www.amazon.com/dp/B0B6SBGWD1?tag=eloabder-20&linkCode=osi&th=1&psc=1">View Product</a></div><div class="product"><a href="https://www.amazon.com/dp/B0F9NQFZ3B?tag=eloabder-20&linkCode=osi&th=1&psc=1"><img src="https://m.media-amazon.com/images/I/31GB2zqKPlL._SL500_.jpg" alt="Product Image"></a><p>OLARCU 3.5mm Mens Silver Stainless Steel Cuban Link Chain Necklace for Men (3.5mm-Silver, 20 Inches)</p><p> -25% 0FF </p><p>$11.28</p><a href="https://www.amazon.com/dp/B0F9NQFZ3B?tag=eloabder-20&linkCode=osi&th=1&psc=1">View Product</a></div>
<div class="product"><a href="https://www.amazon.com/dp/B06XWM86PP?tag=eloabder-20&linkCode=osi&th=1&psc=1"><img src="https://m.media-amazon.com/images/I/316Oy2Nf6WL._SL500_.jpg" alt="Product Image"></a><p>Amazon Essentials Men's Classic-Fit 9" Chino Shorts, Deep Blue, 31</p><p> -13% 0FF </p><p>$16.03</p><a href="https://www.amazon.com/dp/B06XWM86PP?tag=eloabder-20&linkCode=osi&th=1&psc=1">View Product</a></div><div class="product"><a href="https://www.amazon.com/dp/B0BHXHSFK9?tag=eloabder-20&linkCode=osi&th=1&psc=1"><img src="https://m.media-amazon.com/images/I/41aMCAVm+TL._SL500_.jpg" alt="Product Image"></a><p>Nike Men's Essential Micro Boxer 3 Pack Brief, Black/Grey/Blue, Medium</p><p> -8% 0FF </p><p>$36.38</p><a href="https://www.amazon.com/dp/B0BHXHSFK9?tag=eloabder-20&linkCode=osi&th=1&psc=1">View Product</a></div><div class="product"><a href="https://www.amazon.com/dp/B0CPQ998G1?tag=eloabder-20&linkCode=osi&th=1&psc=1"><img src="https://m.media-amazon.com/images/I/21Bx3WN1FBL._SL500_.jpg" alt="Product Image"></a><p>HEYDUDE Sirocco Alta M Essentials White/White Size 11, Men's Shoes, Casual Sneakers, Comfortable & Light-Weight</p><p> -38% 0FF </p><p>$49.39</p><a href="https://www.amazon.com/dp/B0CPQ998G1?tag=eloabder-20&linkCode=osi&th=1&psc=1">View Product</a></div><div class="product"><a href="https://www.amazon.com/dp/B08M81BY33?tag=eloabder-20&linkCode=osi&th=1&psc=1"><img src="https://m.media-amazon.com/images/I/31hJHjIF4jL._SL500_.jpg" alt="Product Image"></a><p>adidas Men's Essentials Warm-up 3-Stripes Track Top, Black/White, XX-Large</p><p> -27% 0FF </p><p>$39.99</p><a href="https://www.amazon.com/dp/B08M81BY33?tag=eloabder-20&linkCode=osi&th=1&psc=1">View Product</a></div><div class="product"><a href="https://www.amazon.com/dp/B08MKRSK99?tag=eloabder-20&linkCode=osi&th=1&psc=1"><img src="https://m.media-amazon.com/images/I/31LQExPPcpL._SL500_.jpg" alt="Product Image"></a><p>adidas mens Essentials Warm-up Slim Tapered 3-stripes Tracksuit Bottoms Pants, Black/White, X-Small US</p><p> -33% 0FF </p><p>$29.99</p><a href="https://www.amazon.com/dp/B08MKRSK99?tag=eloabder-20&linkCode=osi&th=1&psc=1">View Product</a></div><div class="product"><a href="https://www.amazon.com/dp/B0D28H1K7X?tag=eloabder-20&linkCode=osi&th=1&psc=1"><img src="https://m.media-amazon.com/images/I/31F0UxW8YHL._SL500_.jpg" alt="Product Image"></a><p>adidas Men's Essentials 3-Stripes Sportswear Windbreaker, White/Black, X-Large</p><p> -43% 0FF </p><p>$39.80</p><a href="https://www.amazon.com/dp/B0D28H1K7X?tag=eloabder-20&linkCode=osi&th=1&psc=1">View Product</a></div>
<div class="product"><a href="https://www.amazon.com/dp/B0D1QN41ZY?tag=eloabder-20&linkCode=osi&th=1&psc=1"><img src="https://m.media-amazon.com/images/I/41vgiZdQ1XL._SL500_.jpg" alt="Product Image"></a><p>LORENZO BRUNO Mens Suit 2 Piece Black Suits for Men One Button Slim Fit Solid Jacket & Pants Tuxedo Set Business Wedding Party, Black, L</p><p> -10% 0FF </p><p>$65.60</p><a href="https://www.amazon.com/dp/B0D1QN41ZY?tag=eloabder-20&linkCode=osi&th=1&psc=1">View Product</a></div><div class="product"><a href="https://www.amazon.com/dp/B0BHYM7PM9?tag=eloabder-20&linkCode=osi&th=1&psc=1"><img src="https://m.media-amazon.com/images/I/41RE-4MraWL._SL500_.jpg" alt="Product Image"></a><p>LUPURTY Suits for Men, 3 Piece Men's Suit Slim Fit, Solid Jacket Vest Pants with Tie, One Button Tuxedo Set for Business, Wedding, Navy Blue L</p><p> -19% 0FF </p><p>$80.98</p><a href="https://www.amazon.com/dp/B0BHYM7PM9?tag=eloabder-20&linkCode=osi&th=1&psc=1">View Product</a></div>

<div class="product"><a href="https://www.amazon.com/dp/B0CGZ7N7J4?tag=eloabder-20&linkCode=osi&th=1&psc=1"><img src="https://m.media-amazon.com/images/I/41dGghK+AoL._SL500_.jpg" alt="Product Image"></a><p>Dokotoo Men Mens Fashion Sweatshirts Fall Winter Clothes Long Sleeve Lightweight Thin Shirt Geometric Texture Dressy Crewneck Pullover Sweaters Brown X-Large</p><p> -11% 0FF </p><p>$19.99</p><a href="https://www.amazon.com/dp/B0CGZ7N7J4?tag=eloabder-20&linkCode=osi&th=1&psc=1">View Product</a></div><div class="product"><a href="https://www.amazon.com/dp/B0D4DG71YH?tag=eloabder-20&linkCode=osi&th=1&psc=1"><img src="https://m.media-amazon.com/images/I/41KS7EqUoGL._SL500_.jpg" alt="Product Image"></a><p>JMIERR Men Sweatshirts Front Collar Comfy Simple Plain Long Sleeve Drawstring Hoodies for Men with Pocket Pullover Casual Fashion Winter Autumn Shirt Big and Tall Sweater, US60(5XL), Khaki</p><p> -14% 0FF </p><p>$29.99</p><a href="https://www.amazon.com/dp/B0D4DG71YH?tag=eloabder-20&linkCode=osi&th=1&psc=1">View Product</a></div>

<div class="product"><a href="https://www.amazon.com/dp/B00ACIGNMY?tag=eloabder-20&linkCode=osi&th=1&psc=1"><img src="https://m.media-amazon.com/images/I/41Je9e62ioL._SL500_.jpg" alt="Product Image"></a><p>Hanes Mens Tagless Briefs, Soft Moisture Wicking Underwear, 7-pack Briefs-underwear, Gray/Black - 7 Pack, Large US</p><p> -43% 0FF </p><p>$24.00</p><a href="https://www.amazon.com/dp/B00ACIGNMY?tag=eloabder-20&linkCode=osi&th=1&psc=1">View Product</a></div><div class="product"><a href="https://www.amazon.com/dp/B00L6TPSHY?tag=eloabder-20&linkCode=osi&th=1&psc=1"><img src="https://m.media-amazon.com/images/I/41mJ+iLWkdL._SL500_.jpg" alt="Product Image"></a><p>Hanes Men's 6-Pack Tagless No Ride Up Briefs with ComfortSoft Waistband, Assorted, Medium</p><p> -10% 0FF </p><p>$17.98</p><a href="https://www.amazon.com/dp/B00L6TPSHY?tag=eloabder-20&linkCode=osi&th=1&psc=1">View Product</a></div><div class="product"><a href="https://www.amazon.com/dp/B07814714H?tag=eloabder-20&linkCode=osi&th=1&psc=1"><img src="https://m.media-amazon.com/images/I/416IVo-7aSL._SL500_.jpg" alt="Product Image"></a><p>Gildan Men's Underwear Covered Waistband Boxer Briefs, Multipack, Mixed Garnet (5-Pack), Large</p><p> -27% 0FF </p><p>$13.09</p><a href="https://www.amazon.com/dp/B07814714H?tag=eloabder-20&linkCode=osi&th=1&psc=1">View Product</a></div>
<div class="product"><a href="https://www.amazon.com/dp/B07FTGY1XR?tag=eloabder-20&linkCode=osi&th=1&psc=1"><img src="https://m.media-amazon.com/images/I/41yHcW15a8L._SL500_.jpg" alt="Product Image"></a><p>NORTIV 8 Men's Insulated Waterproof Construction Hiking Winter Snow Boots,Size 10.5,Black/1,TUNDRA</p><p> -10% 0FF </p><p>$43.19</p><a href="https://www.amazon.com/dp/B07FTGY1XR?tag=eloabder-20&linkCode=osi&th=1&psc=1">View Product</a></div>
<div class="product"><a href="https://www.amazon.com/dp/B0B2JCJ6ZD?tag=eloabder-20&linkCode=osi&th=1&psc=1"><img src="https://m.media-amazon.com/images/I/41VdGeYGPxL._SL500_.jpg" alt="Product Image"></a><p>Bruno Marc Men's Casual Dress Sneaker Shoes, Business Formal Derby Plain Toe Oxfords Crossflex GentEdge,Size 11,Brown,SBOX223M</p><p> -21% 0FF </p><p>$36.54</p><a href="https://www.amazon.com/dp/B0B2JCJ6ZD?tag=eloabder-20&linkCode=osi&th=1&psc=1">View Product</a></div><div class="product"><a href="https://www.amazon.com/dp/B06XC8ZR39?tag=eloabder-20&linkCode=osi&th=1&psc=1"><img src="https://m.media-amazon.com/images/I/41zZ6LIDM7L._SL500_.jpg" alt="Product Image"></a><p>Bruno Marc Men's Dress Oxford Shoes Classic Lace Up Formal Shoes,Size 10.5,Black,DOWNING-02</p><p> -29% 0FF </p><p>$39.99</p><a href="https://www.amazon.com/dp/B06XC8ZR39?tag=eloabder-20&linkCode=osi&th=1&psc=1">View Product</a></div><div class="product"><a href="https://www.amazon.com/dp/B00SMJO8S6?tag=eloabder-20&linkCode=osi&th=1&psc=1"><img src="https://m.media-amazon.com/images/I/315NtaJJD+L._SL500_.jpg" alt="Product Image"></a><p>Clarks Men's Tilden Cap Oxford, Black Leather, 10</p><p> -20% 0FF </p><p>$72.00</p><a href="https://www.amazon.com/dp/B00SMJO8S6?tag=eloabder-20&linkCode=osi&th=1&psc=1">View Product</a></div><div class="product"><a href="https://www.amazon.com/dp/B0D7P3YQ41?tag=eloabder-20&linkCode=osi&th=1&psc=1"><img src="https://m.media-amazon.com/images/I/41HxmcfcX2L._SL500_.jpg" alt="Product Image"></a><p>Bruno Marc Men's MaxFlex Dress Sneakers Oxfords Casual Wingtip Brogue Shoes,Size 11,All Black,SBOX2326M</p><p> -15% 0FF </p><p>$39.09</p><a href="https://www.amazon.com/dp/B0D7P3YQ41?tag=eloabder-20&linkCode=osi&th=1&psc=1">View Product</a></div><div class="product"><a href="https://www.amazon.com/dp/B0007TQ9PY?tag=eloabder-20&linkCode=osi&th=1&psc=1"><img src="https://m.media-amazon.com/images/I/31CtT3W-TML._SL500_.jpg" alt="Product Image"></a><p>Dockers Men’s Gordon Leather Oxford Dress Shoe,Black,10.5 M US</p><p> -47% 0FF </p><p>$45.38</p><a href="https://www.amazon.com/dp/B0007TQ9PY?tag=eloabder-20&linkCode=osi&th=1&psc=1">View Product</a></div><div class="product"><a href="https://www.amazon.com/dp/B0BNWBCKG8?tag=eloabder-20&linkCode=osi&th=1&psc=1"><img src="https://m.media-amazon.com/images/I/31pDIP6AqsL._SL500_.jpg" alt="Product Image"></a><p>Clarks Collection Men's Whiddon Cap Oxford, Mahogany Leather, 7.5 Medium US</p><p> -20% 0FF </p><p>$76.00</p><a href="https://www.amazon.com/dp/B0BNWBCKG8?tag=eloabder-20&linkCode=osi&th=1&psc=1">View Product</a></div><div class="product"><a href="https://www.amazon.com/dp/B01MQVSJVP?tag=eloabder-20&linkCode=osi&th=1&psc=1"><img src="https://m.media-amazon.com/images/I/41nrqB4TeJL._SL500_.jpg" alt="Product Image"></a><p>Cole Haan Men's 2.Zerogrand Laser Wingtip Oxford, British tan/Java, 12</p><p> -17% 0FF </p><p>$139.95</p><a href="https://www.amazon.com/dp/B01MQVSJVP?tag=eloabder-20&linkCode=osi&th=1&psc=1">View Product</a></div><div class="product"><a href="https://www.amazon.com/dp/B01KAU0GZ8?tag=eloabder-20&linkCode=osi&th=1&psc=1"><img src="https://m.media-amazon.com/images/I/415oCa6tRWL._SL500_.jpg" alt="Product Image"></a><p>Bruno Marc Men's Leather Lined Dress Oxfords Shoes,Size 10.5,Brown,PRINCE-16</p><p> -28% 0FF </p><p>$37.99</p><a href="https://www.amazon.com/dp/B01KAU0GZ8?tag=eloabder-20&linkCode=osi&th=1&psc=1">View Product</a></div><div class="product"><a href="https://www.amazon.com/dp/B07TS4PZG1?tag=eloabder-20&linkCode=osi&th=1&psc=1"><img src="https://m.media-amazon.com/images/I/31l3YUpsjbL._SL500_.jpg" alt="Product Image"></a><p>Dr. Scholl's Men's Sync Plain Toe Dress Casual Oxford, Dark Brown Fearless, 9.5 Wide US</p><p> -32% 0FF </p><p>$65.00</p><a href="https://www.amazon.com/dp/B07TS4PZG1?tag=eloabder-20&linkCode=osi&th=1&psc=1">View Product</a></div>
<div class="product"><a href="https://www.amazon.com/dp/B0716GJZ4F?tag=eloabder-20&linkCode=osi&th=1&psc=1"><img src="https://m.media-amazon.com/images/I/51o8iPeFUOL._SL500_.jpg" alt="Product Image"></a><p>Dockers Men's Newpage Sandal briar 10 W US</p><p> -51% 0FF </p><p>$34.48</p><a href="https://www.amazon.com/dp/B0716GJZ4F?tag=eloabder-20&linkCode=osi&th=1&psc=1">View Product</a></div><div class="product"><a href="https://www.amazon.com/dp/B09ZF3H6LN?tag=eloabder-20&linkCode=osi&th=1&psc=1"><img src="https://m.media-amazon.com/images/I/41EpoR9OprL._SL500_.jpg" alt="Product Image"></a><p>KuaiLu Men's Leather Flip Flops Arch Support Summer Beach Pool Water Thong Sandals Waterproof Rubber Walking Shoes Slip on Orthotic Casual Sport Cushioned Wide Slides Shower Slippers Brown Size 10.5</p><p> -25% 0FF </p><p>$14.99</p><a href="https://www.amazon.com/dp/B09ZF3H6LN?tag=eloabder-20&linkCode=osi&th=1&psc=1">View Product</a></div><div class="product"><a href="https://www.amazon.com/dp/B08R3GHLNH?tag=eloabder-20&linkCode=osi&th=1&psc=1"><img src="https://m.media-amazon.com/images/I/41VT1u9LgbL._SL500_.jpg" alt="Product Image"></a><p>FITORY Mens Sandals, Arch Support Slides with Adjustable Buckle Straps and Cork Footbed Brown Size 10</p><p> -45% 0FF </p><p>$27.54</p><a href="https://www.amazon.com/dp/B08R3GHLNH?tag=eloabder-20&linkCode=osi&th=1&psc=1">View Product</a></div><div class="product"><a href="https://www.amazon.com/dp/B07CZ54WT4?tag=eloabder-20&linkCode=osi&th=1&psc=1"><img src="https://m.media-amazon.com/images/I/31iUYzt74kL._SL500_.jpg" alt="Product Image"></a><p>Reef Cushion Phantom Men's Sandals Brown/tan - 11 Medium</p><p> -33% 0FF </p><p>$39.97</p><a href="https://www.amazon.com/dp/B07CZ54WT4?tag=eloabder-20&linkCode=osi&th=1&psc=1">View Product</a></div><div class="product"><a href="https://www.amazon.com/dp/B00ZUY6YZQ?tag=eloabder-20&linkCode=osi&th=1&psc=1"><img src="https://m.media-amazon.com/images/I/31G+uOysh5L._SL500_.jpg" alt="Product Image"></a><p>Reef Fanning Sandals - Men's, Black/Silver 12 M</p><p> -35% 0FF </p><p>$41.94</p><a href="https://www.amazon.com/dp/B00ZUY6YZQ?tag=eloabder-20&linkCode=osi&th=1&psc=1">View Product</a></div><div class="product"><a href="https://www.amazon.com/dp/B01M3RJ93F?tag=eloabder-20&linkCode=osi&th=1&psc=1"><img src="https://m.media-amazon.com/images/I/310dfFkW6rL._SL500_.jpg" alt="Product Image"></a><p>Dockers Men's Sunland Slide Sandal, Black, 10</p><p> -51% 0FF </p><p>$34.19</p><a href="https://www.amazon.com/dp/B01M3RJ93F?tag=eloabder-20&linkCode=osi&th=1&psc=1">View Product</a></div><div class="product"><a href="https://www.amazon.com/dp/B07X3FKWYS?tag=eloabder-20&linkCode=osi&th=1&psc=1"><img src="https://m.media-amazon.com/images/I/414ynAyoIjL._SL500_.jpg" alt="Product Image"></a><p>Jousen Men's Sandals Leather Open Toe Beach Sandal Dark Brown Outdoor Summer Sport Sandals (AMY662 Dark Brown 10)</p><p> -28% 0FF </p><p>$32.99</p><a href="https://www.amazon.com/dp/B07X3FKWYS?tag=eloabder-20&linkCode=osi&th=1&psc=1">View Product</a></div><div class="product"><a href="https://www.amazon.com/dp/B07BPZKSJZ?tag=eloabder-20&linkCode=osi&th=1&psc=1"><img src="https://m.media-amazon.com/images/I/51OgnHDzWTL._SL500_.jpg" alt="Product Image"></a><p>BINSHUN Sandals for Men Leather Hiking Sandals Athletic Walking Sports Fisherman Beach Shoes with Closed Toe</p><p> -10% 0FF </p><p>$29.87</p><a href="https://www.amazon.com/dp/B07BPZKSJZ?tag=eloabder-20&linkCode=osi&th=1&psc=1">View Product</a></div><div class="product"><a href="https://www.amazon.com/dp/B08YR1F8LQ?tag=eloabder-20&linkCode=osi&th=1&psc=1"><img src="https://m.media-amazon.com/images/I/41hSD6Adm1L._SL500_.jpg" alt="Product Image"></a><p>KuaiLu Mens Leather Sport Flip Flops Comfort Orthotic Thong Sandals with Plantar Fasciitis Arch Support for Outdoor Summer</p><p> -22% 0FF </p><p>$27.99</p><a href="https://www.amazon.com/dp/B08YR1F8LQ?tag=eloabder-20&linkCode=osi&th=1&psc=1">View Product</a></div>
<div class="product"><a href="https://www.amazon.com/dp/B09M3Z63QP?tag=eloabder-20&linkCode=osi&th=1&psc=1"><img src="https://m.media-amazon.com/images/I/51xLtsQ3QuL._SL500_.jpg" alt="Product Image"></a><p>RUNBOX Men's Wallets 15 Card Holder Slim Rfid Leather 2 ID Window With Gift Box Men's Accessories</p><p> -32% 0FF </p><p>$14.99</p><a href="https://www.amazon.com/dp/B09M3Z63QP?tag=eloabder-20&linkCode=osi&th=1&psc=1">View Product</a></div><div class="product"><a href="https://www.amazon.com/dp/B092VR48NK?tag=eloabder-20&linkCode=osi&th=1&psc=1"><img src="https://m.media-amazon.com/images/I/519fN7eFdjL._SL500_.jpg" alt="Product Image"></a><p>RUNBOX Novelty Wallet for Men Slim 11 Credit Card Holder Slots Leather RFID Blocking Small Thin Men's Wallet Bifold Minimalist Front Pocket Large Capacity Gift Box</p><p> -60% 0FF </p><p>$11.99</p><a href="https://www.amazon.com/dp/B092VR48NK?tag=eloabder-20&linkCode=osi&th=1&psc=1">View Product</a></div><div class="product"><a href="https://www.amazon.com/dp/B0FCFLBPRZ?tag=eloabder-20&linkCode=osi&th=1&psc=1"><img src="https://m.media-amazon.com/images/I/41H9+SOX03L._SL500_.jpg" alt="Product Image"></a><p>Wallet for Men, RFID Wallet with Money Clip & ID Window, Minimalist Pop Up Credit Card Case Holder 10-12 Cards, Bifold Slim Smart Wallet for Front Pocket, Compact Metal Wallets, Gifts for Men, Carbon</p><p> -49% 0FF </p><p>$18.99</p><a href="https://www.amazon.com/dp/B0FCFLBPRZ?tag=eloabder-20&linkCode=osi&th=1&psc=1">View Product</a></div>
<div class="product"><a href="https://www.amazon.com/dp/B0BW8Q72R5?tag=eloabder-20&linkCode=osi&th=1&psc=1"><img src="https://m.media-amazon.com/images/I/41XQ7S39MmL._SL500_.jpg" alt="Product Image"></a><p>CARITATE Black Beaded Bracelets for Men Boys - 6mm Obsidian Onyx Lava Beads Mens Bracelet Set Mens Jewelry - Cool Anniversary Valentines Fathers Birthday Gifts for Him Boyfriend Husband Man Son Dad</p><p> -20% 0FF </p><p>$11.19</p><a href="https://www.amazon.com/dp/B0BW8Q72R5?tag=eloabder-20&linkCode=osi&th=1&psc=1">View Product</a></div><div class="product"><a href="https://www.amazon.com/dp/B0D47HNYR7?tag=eloabder-20&linkCode=osi&th=1&psc=1"><img src="https://m.media-amazon.com/images/I/21p1U2mzHKL._SL500_.jpg" alt="Product Image"></a><p>YANCHUN Necklace for Men Stocking Stuffers Black Beaded Puka Shell Necklaces Chain Christmas Gifts for Men Jewelry Gift for Dad Son Husband Boyfriend</p><p> -17% 0FF </p><p>$9.99</p><a href="https://www.amazon.com/dp/B0D47HNYR7?tag=eloabder-20&linkCode=osi&th=1&psc=1">View Product</a></div>
<div class="product"><a href="https://www.amazon.com/dp/B0DRCKRXFY?tag=eloabder-20&linkCode=osi&th=1&psc=1"><img src="https://m.media-amazon.com/images/I/41uAEGF-aKL._SL500_.jpg" alt="Product Image"></a><p>Romass 4Pcs Cross Necklace for Men,Stainless Steel Chains for Men Layered Necklaces Silver Gold Black Pendant Jewelry Box Gifts 18-24 Inches (4Pcs 18in/20in, Silver+Black)</p><p> -17% 0FF </p><p>$9.99</p><a href="https://www.amazon.com/dp/B0DRCKRXFY?tag=eloabder-20&linkCode=osi&th=1&psc=1">View Product</a></div><div class="product"><a href="https://www.amazon.com/dp/B07MMTTSYZ?tag=eloabder-20&linkCode=osi&th=1&psc=1"><img src="https://m.media-amazon.com/images/I/41TaHHkYRzL._SL500_.jpg" alt="Product Image"></a><p>Jstyle Stainless Steel Pendant Necklace For Mens Cool Spearpoint Arrowhead Pendant Chain Necklace Set Black & Silver Tone</p><p> -5% 0FF </p><p>$17.99</p><a href="https://www.amazon.com/dp/B07MMTTSYZ?tag=eloabder-20&linkCode=osi&th=1&psc=1">View Product</a></div><div class="product"><a href="https://www.amazon.com/dp/B0B6SBGWD1?tag=eloabder-20&linkCode=osi&th=1&psc=1"><img src="https://m.media-amazon.com/images/I/412V9xmzp9L._SL500_.jpg" alt="Product Image"></a><p>Yooblue Cross Necklace for Men - Stainless Steel Cross Chain Necklace for Men, Mens Jewelry Cross Pendant Cross Necklace, Layered Silver Chain for Men</p><p> -38% 0FF </p><p>$9.99</p><a href="https://www.amazon.com/dp/B0B6SBGWD1?tag=eloabder-20&linkCode=osi&th=1&psc=1">View Product</a></div><div class="product"><a href="https://www.amazon.com/dp/B0F9NQFZ3B?tag=eloabder-20&linkCode=osi&th=1&psc=1"><img src="https://m.media-amazon.com/images/I/31GB2zqKPlL._SL500_.jpg" alt="Product Image"></a><p>OLARCU 3.5mm Mens Silver Stainless Steel Cuban Link Chain Necklace for Men (3.5mm-Silver, 20 Inches)</p><p> -25% 0FF </p><p>$11.28</p><a href="https://www.amazon.com/dp/B0F9NQFZ3B?tag=eloabder-20&linkCode=osi&th=1&psc=1">View Product</a></div>
<div class="product"><a href="https://www.amazon.com/dp/B06XWM86PP?tag=eloabder-20&linkCode=osi&th=1&psc=1"><img src="https://m.media-amazon.com/images/I/316Oy2Nf6WL._SL500_.jpg" alt="Product Image"></a><p>Amazon Essentials Men's Classic-Fit 9" Chino Shorts, Deep Blue, 31</p><p> -13% 0FF </p><p>$16.03</p><a href="https://www.amazon.com/dp/B06XWM86PP?tag=eloabder-20&linkCode=osi&th=1&psc=1">View Product</a></div><div class="product"><a href="https://www.amazon.com/dp/B0BHXHSFK9?tag=eloabder-20&linkCode=osi&th=1&psc=1"><img src="https://m.media-amazon.com/images/I/41aMCAVm+TL._SL500_.jpg" alt="Product Image"></a><p>Nike Men's Essential Micro Boxer 3 Pack Brief, Black/Grey/Blue, Medium</p><p> -8% 0FF </p><p>$36.38</p><a href="https://www.amazon.com/dp/B0BHXHSFK9?tag=eloabder-20&linkCode=osi&th=1&psc=1">View Product</a></div><div class="product"><a href="https://www.amazon.com/dp/B0CPQ998G1?tag=eloabder-20&linkCode=osi&th=1&psc=1"><img src="https://m.media-amazon.com/images/I/21Bx3WN1FBL._SL500_.jpg" alt="Product Image"></a><p>HEYDUDE Sirocco Alta M Essentials White/White Size 11, Men's Shoes, Casual Sneakers, Comfortable & Light-Weight</p><p> -38% 0FF </p><p>$49.39</p><a href="https://www.amazon.com/dp/B0CPQ998G1?tag=eloabder-20&linkCode=osi&th=1&psc=1">View Product</a></div><div class="product"><a href="https://www.amazon.com/dp/B08M81BY33?tag=eloabder-20&linkCode=osi&th=1&psc=1"><img src="https://m.media-amazon.com/images/I/31hJHjIF4jL._SL500_.jpg" alt="Product Image"></a><p>adidas Men's Essentials Warm-up 3-Stripes Track Top, Black/White, XX-Large</p><p> -27% 0FF </p><p>$39.99</p><a href="https://www.amazon.com/dp/B08M81BY33?tag=eloabder-20&linkCode=osi&th=1&psc=1">View Product</a></div><div class="product"><a href="https://www.amazon.com/dp/B08MKRSK99?tag=eloabder-20&linkCode=osi&th=1&psc=1"><img src="https://m.media-amazon.com/images/I/31LQExPPcpL._SL500_.jpg" alt="Product Image"></a><p>adidas mens Essentials Warm-up Slim Tapered 3-stripes Tracksuit Bottoms Pants, Black/White, X-Small US</p><p> -33% 0FF </p><p>$29.99</p><a href="https://www.amazon.com/dp/B08MKRSK99?tag=eloabder-20&linkCode=osi&th=1&psc=1">View Product</a></div><div class="product"><a href="https://www.amazon.com/dp/B0D28H1K7X?tag=eloabder-20&linkCode=osi&th=1&psc=1"><img src="https://m.media-amazon.com/images/I/31F0UxW8YHL._SL500_.jpg" alt="Product Image"></a><p>adidas Men's Essentials 3-Stripes Sportswear Windbreaker, White/Black, X-Large</p><p> -43% 0FF </p><p>$39.80</p><a href="https://www.amazon.com/dp/B0D28H1K7X?tag=eloabder-20&linkCode=osi&th=1&psc=1">View Product</a></div>
<div class="product"><a href="https://www.amazon.com/dp/B0D1QN41ZY?tag=eloabder-20&linkCode=osi&th=1&psc=1"><img src="https://m.media-amazon.com/images/I/41vgiZdQ1XL._SL500_.jpg" alt="Product Image"></a><p>LORENZO BRUNO Mens Suit 2 Piece Black Suits for Men One Button Slim Fit Solid Jacket & Pants Tuxedo Set Business Wedding Party, Black, L</p><p> -10% 0FF </p><p>$65.60</p><a href="https://www.amazon.com/dp/B0D1QN41ZY?tag=eloabder-20&linkCode=osi&th=1&psc=1">View Product</a></div><div class="product"><a href="https://www.amazon.com/dp/B0BHYM7PM9?tag=eloabder-20&linkCode=osi&th=1&psc=1"><img src="https://m.media-amazon.com/images/I/41RE-4MraWL._SL500_.jpg" alt="Product Image"></a><p>LUPURTY Suits for Men, 3 Piece Men's Suit Slim Fit, Solid Jacket Vest Pants with Tie, One Button Tuxedo Set for Business, Wedding, Navy Blue L</p><p> -19% 0FF </p><p>$80.98</p><a href="https://www.amazon.com/dp/B0BHYM7PM9?tag=eloabder-20&linkCode=osi&th=1&psc=1">View Product</a></div>


<div class="product"><a href="https://www.amazon.com/dp/B09K8YYVWV?tag=eloabder-20&linkCode=osi&th=1&psc=1"><img src="https://m.media-amazon.com/images/I/4123dxF1ijL._SL500_.jpg" alt="Product Image"></a><p>Blue Buffalo Life Protection Formula Natural Adult Dry Dog Food, Chicken and Brown Rice 5-lb Trial Size Bag</p><p> -17% 0FF </p><p>$14.98 ($3.00 / lb)</p><a href="https://www.amazon.com/dp/B09K8YYVWV?tag=eloabder-20&linkCode=osi&th=1&psc=1">View Product</a></div><div class="product"><a href="https://www.amazon.com/dp/B0000AH3QT?tag=eloabder-20&linkCode=osi&th=1&psc=1"><img src="https://m.media-amazon.com/images/I/41FXHOzdCWL._SL500_.jpg" alt="Product Image"></a><p>Purina ONE Chicken and Rice Formula Dry Dog Food - 8 lb. Bag</p><p> -9% 0FF </p><p>$16.28 ($2.04 / lb)</p><a href="https://www.amazon.com/dp/B0000AH3QT?tag=eloabder-20&linkCode=osi&th=1&psc=1">View Product</a></div><div class="product"><a href="https://www.amazon.com/dp/B09K9FDLFN?tag=eloabder-20&linkCode=osi&th=1&psc=1"><img src="https://m.media-amazon.com/images/I/41fn4P3zY0L._SL500_.jpg" alt="Product Image"></a><p>Blue Buffalo Life Protection Formula Natural Adult Small Breed Dry Dog Food, Chicken and Brown Rice 5-lb Trial Size Bag</p><p> -13% 0FF </p><p>$17.48 ($3.50 / lb)</p><a href="https://www.amazon.com/dp/B09K9FDLFN?tag=eloabder-20&linkCode=osi&th=1&psc=1">View Product</a></div><div class="product"><a href="https://www.amazon.com/dp/B009IOCCD2?tag=eloabder-20&linkCode=osi&th=1&psc=1"><img src="https://m.media-amazon.com/images/I/41hzdgAAhmL._SL500_.jpg" alt="Product Image"></a><p>Purina ONE Dry Dog Food Lamb and Rice Formula - 31.1 lb. Bag</p><p> -17% 0FF </p><p>$48.98 ($1.57 / lb)</p><a href="https://www.amazon.com/dp/B009IOCCD2?tag=eloabder-20&linkCode=osi&th=1&psc=1">View Product</a></div><div class="product"><a href="https://www.amazon.com/dp/B06WGLV27L?tag=eloabder-20&linkCode=osi&th=1&psc=1"><img src="https://m.media-amazon.com/images/I/41+bgu7zfAL._SL500_.jpg" alt="Product Image"></a><p>Nutrish Dry Dog Food, Real Beef, Pea & Brown Rice Recipe Whole Health Blend for Adult Dogs, 40 lb. Bag, Packaging May Vary (Rachael Ray)</p><p> -26% 0FF </p><p>$43.99 ($1.10 / lb)</p><a href="https://www.amazon.com/dp/B06WGLV27L?tag=eloabder-20&linkCode=osi&th=1&psc=1">View Product</a></div><div class="product"><a href="https://www.amazon.com/dp/B0009YWKUA?tag=eloabder-20&linkCode=osi&th=1&psc=1"><img src="https://m.media-amazon.com/images/I/41gZ78TZzBL._SL500_.jpg" alt="Product Image"></a><p>Blue Buffalo Life Protection Formula Adult Dry Dog Food, Helps Build and Maintain Strong Muscles, Made with Natural Ingredients, Chicken & Brown Rice Recipe, 30-lb. Bag</p><p> -11% 0FF </p><p>$66.99 ($2.23 / lb)</p><a href="https://www.amazon.com/dp/B0009YWKUA?tag=eloabder-20&linkCode=osi&th=1&psc=1">View Product</a></div><div class="product"><a href="https://www.amazon.com/dp/B0009YUGAG?tag=eloabder-20&linkCode=osi&th=1&psc=1"><img src="https://m.media-amazon.com/images/I/41s0BUVfCbL._SL500_.jpg" alt="Product Image"></a><p>Blue Buffalo Life Protection Formula Adult Dry Dog Food, Helps Build and Maintain Strong Muscles, Made with Natural Ingredients, Chicken & Brown Rice Recipe, 15-lb. Bag</p><p> -15% 0FF </p><p>$37.98 ($2.53 / lb)</p><a href="https://www.amazon.com/dp/B0009YUGAG?tag=eloabder-20&linkCode=osi&th=1&psc=1">View Product</a></div>
<div class="product"><a href="https://www.amazon.com/dp/B0BFPJJTR9?tag=eloabder-20&linkCode=osi&th=1&psc=1"><img src="https://m.media-amazon.com/images/I/511o77BB+6L._SL500_.jpg" alt="Product Image"></a><p>Joytale Dog Leash for Large Dogs, Heavy Duty Nylon Leashes with Comfortable Padded Handle and Highly Reflective Threads, Ideal for Walking and Training, Black, 6'×1/2''</p><p> -10% 0FF </p><p>$7.19</p><a href="https://www.amazon.com/dp/B0BFPJJTR9?tag=eloabder-20&linkCode=osi&th=1&psc=1">View Product</a></div><div class="product"><a href="https://www.amazon.com/dp/B076F7HM8T?tag=eloabder-20&linkCode=osi&th=1&psc=1"><img src="https://m.media-amazon.com/images/I/41Qlfdjpa1L._SL500_.jpg" alt="Product Image"></a><p>TUG 360° Tangle-Free Retractable Dog Leash | 16 ft Strong Nylon Tape | One-Handed Brake, Pause, Lock (Medium, White)</p><p> -12% 0FF </p><p>$18.99</p><a href="https://www.amazon.com/dp/B076F7HM8T?tag=eloabder-20&linkCode=osi&th=1&psc=1">View Product</a></div><div class="product"><a href="https://www.amazon.com/dp/B095C8RXSH?tag=eloabder-20&linkCode=osi&th=1&psc=1"><img src="https://m.media-amazon.com/images/I/518Mz7ChiHL._SL500_.jpg" alt="Product Image"></a><p>Taglory Rope Dog Leash 6 FT with Comfortable Padded Handle, Highly Reflective Threads Leash for Medium Large Dogs, 1/2 inch, Hotpink</p><p> -36% 0FF </p><p>$9.99 ($9.99 / count)</p><a href="https://www.amazon.com/dp/B095C8RXSH?tag=eloabder-20&linkCode=osi&th=1&psc=1">View Product</a></div><div class="product"><a href="https://www.amazon.com/dp/B078SLM45M?tag=eloabder-20&linkCode=osi&th=1&psc=1"><img src="https://m.media-amazon.com/images/I/41cyg8ILTTL._SL500_.jpg" alt="Product Image"></a><p>TUG 360° Tangle-Free Retractable Dog Leash | 16 ft Strong Nylon Tape | One-Handed Brake, Pause, Lock (Large, White)</p><p> -14% 0FF </p><p>$21.99</p><a href="https://www.amazon.com/dp/B078SLM45M?tag=eloabder-20&linkCode=osi&th=1&psc=1">View Product</a></div>
<div class="product"><a href="https://www.amazon.com/dp/B0DGL4H82X?tag=eloabder-20&linkCode=osi&th=1&psc=1"><img src="https://m.media-amazon.com/images/I/51pDCCmAQNL._SL500_.jpg" alt="Product Image"></a><p>Halypet Cat Harness and Leash Set [MAX Safety 4th-Gen Upgrade] Escape Proof Adjustable Cat Leash Comfortable Soft Vest Easy to Wear Kitten Harness with Reflective Strip for Cats Walking, M Black</p><p> -28% 0FF </p><p>$10.79</p><a href="https://www.amazon.com/dp/B0DGL4H82X?tag=eloabder-20&linkCode=osi&th=1&psc=1">View Product</a></div><div class="product"><a href="https://www.amazon.com/dp/B000OGRDK0?tag=eloabder-20&linkCode=osi&th=1&psc=1"><img src="https://m.media-amazon.com/images/I/31tfSFnHwmL._SL500_.jpg" alt="Product Image"></a><p>PetSafe Nylon Leash - Chew-Resistant Cat & Dog Behavioral Training Leash - Compatible with Easy-Walk Harness - Traditional-Style Reliable Pet Lead with a Padded Hand Wrap - 3/8" x 6' - Black</p><p> -15% 0FF </p><p>$4.24</p><a href="https://www.amazon.com/dp/B000OGRDK0?tag=eloabder-20&linkCode=osi&th=1&psc=1">View Product</a></div><div class="product"><a href="https://www.amazon.com/dp/B0DGL21M78?tag=eloabder-20&linkCode=osi&th=1&psc=1"><img src="https://m.media-amazon.com/images/I/51pDCCmAQNL._SL500_.jpg" alt="Product Image"></a><p>Halypet Cat Harness and Leash Set - MAX Safety 4th-Gen Upgrade, Escape Proof, Adjustable, Comfortable Soft Vest, Easy to Wear Kitten Harness with Reflective Strip for Cats Walking - Small Black</p><p> -25% 0FF </p><p>$11.24</p><a href="https://www.amazon.com/dp/B0DGL21M78?tag=eloabder-20&linkCode=osi&th=1&psc=1">View Product</a></div>
<div class="product"><a href="https://www.amazon.com/dp/B08CCG96FR?tag=eloabder-20&linkCode=osi&th=1&psc=1"><img src="https://m.media-amazon.com/images/I/519rYYNcfDL._SL500_.jpg" alt="Product Image"></a><p>Best Pet Supplies Voyager Step-in Air Harness - All Weather Mesh, Reflective, No Pull Harness for Dogs, Cats - Secure with Hook & Loop Fastener, Buckle, Double D-Rings - Fuchsia, S</p><p> -39% 0FF </p><p>$9.07</p><a href="https://www.amazon.com/dp/B08CCG96FR?tag=eloabder-20&linkCode=osi&th=1&psc=1">View Product</a></div><div class="product"><a href="https://www.amazon.com/dp/B0F134YP3R?tag=eloabder-20&linkCode=osi&th=1&psc=1"><img src="https://m.media-amazon.com/images/I/41WVEg4wn7L._SL500_.jpg" alt="Product Image"></a><p>Bruvoalon Heavy-Duty Tactical Dog Harness for Large Dogs, No Pull Adjustable Reflective K9 Vest with Molle System, 12 Colors & 4 Sizes, Military-Grade Control for Training, Outdoor & 10+ Breeds</p><p> -24% 0FF </p><p>$15.19</p><a href="https://www.amazon.com/dp/B0F134YP3R?tag=eloabder-20&linkCode=osi&th=1&psc=1">View Product</a></div><div class="product"><a href="https://www.amazon.com/dp/B0DGXJWK9J?tag=eloabder-20&linkCode=osi&th=1&psc=1"><img src="https://m.media-amazon.com/images/I/51mncolU3aL._SL500_.jpg" alt="Product Image"></a><p>SlowTon No Pull Dog Harness - Heavy Duty Dog Harness and Leash Set for Medium Large Dogs, Reflective Tactical Harness with Soft Padded and Front Clip for Easy Walk and Training (Black L)</p><p> -13% 0FF </p><p>$19.99</p><a href="https://www.amazon.com/dp/B0DGXJWK9J?tag=eloabder-20&linkCode=osi&th=1&psc=1">View Product</a></div><div class="product"><a href="https://www.amazon.com/dp/B0DRJYND78?tag=eloabder-20&linkCode=osi&th=1&psc=1"><img src="https://m.media-amazon.com/images/I/41NZVoj8wjL._SL500_.jpg" alt="Product Image"></a><p>Wisedog Reflective No Pull Dog Harness - Adjustable Lightweight Pet Vest with 3 Fast-Release Buckles for Dogs Walking, Running and Training(M, Orange)</p><p> -50% 0FF </p><p>$5.59</p><a href="https://www.amazon.com/dp/B0DRJYND78?tag=eloabder-20&linkCode=osi&th=1&psc=1">View Product</a></div><div class="product"><a href="https://www.amazon.com/dp/B0FFV1QZVJ?tag=eloabder-20&linkCode=osi&th=1&psc=1"><img src="https://m.media-amazon.com/images/I/41BPzHU2wsL._SL500_.jpg" alt="Product Image"></a><p>PWOD No Pull Dog Harness with 2 Leash Clips, Reflective Adjustable Soft Padded Vest with Handle, Breathable Oxford No Choke Pet Vest for Large Dogs, Black,L</p><p> -30% 0FF </p><p>$13.99</p><a href="https://www.amazon.com/dp/B0FFV1QZVJ?tag=eloabder-20&linkCode=osi&th=1&psc=1">View Product</a></div><div class="product"><a href="https://www.amazon.com/dp/B0792XS9B1?tag=eloabder-20&linkCode=osi&th=1&psc=1"><img src="https://m.media-amazon.com/images/I/510eqOLi1TL._SL500_.jpg" alt="Product Image"></a><p>PoyPet No Pull Dog Harness, No Choke Front Lead Dog Reflective Harness, Adjustable Soft Padded Pet Vest with Easy Control Handle for Small to Large Dogs(Pink, Medium)</p><p> -11% 0FF </p><p>$11.99 ($11.99 / count)</p><a href="https://www.amazon.com/dp/B0792XS9B1?tag=eloabder-20&linkCode=osi&th=1&psc=1">View Product</a></div>
<div class="product"><a href="https://www.amazon.com/dp/B08CCGRW5D?tag=eloabder-20&linkCode=osi&th=1&psc=1"><img src="https://m.media-amazon.com/images/I/519rYYNcfDL._SL500_.jpg" alt="Product Image"></a><p>Best Pet Supplies Voyager Step-in Air Harness - All Weather Mesh, Reflective, No Pull Harness for Dogs, Cats - Secure with Hook & Loop Fastener, Buckle, Double D-Rings - Fuchsia, M</p><p> -13% 0FF </p><p>$12.99</p><a href="https://www.amazon.com/dp/B08CCGRW5D?tag=eloabder-20&linkCode=osi&th=1&psc=1">View Product</a></div>
<div class="product"><a href="https://www.amazon.com/dp/B005CUTWDE?tag=eloabder-20&linkCode=osi&th=1&psc=1"><img src="https://m.media-amazon.com/images/I/41j4IEfx6wL._SL500_.jpg" alt="Product Image"></a><p>Wahl USA Dry Skin & Itch Relief Pet Shampoo for Dogs – Oatmeal Formula with Coconut Lime Verbena Scent & Pet Friendly Formula, 24 Oz - Model 820004A</p><p> -10% 0FF </p><p>$8.97</p><a href="https://www.amazon.com/dp/B005CUTWDE?tag=eloabder-20&linkCode=osi&th=1&psc=1">View Product</a></div><div class="product"><a href="https://www.amazon.com/dp/B0791LY9MW?tag=eloabder-20&linkCode=osi&th=1&psc=1"><img src="https://m.media-amazon.com/images/I/510j7m4z+0L._SL500_.jpg" alt="Product Image"></a><p>PAWFUME Deshedding Dog Shampoo and Conditioner, Show Dog, 1-Pack – Nourish & Detangle for Silky Soft Coat – Probiotic, Deep-Cleaning, pH-Balanced Formula – Salon-Quality Shampoo for Dogs</p><p> -13% 0FF </p><p>$13.99 ($1.17 / fluid ounce)</p><a href="https://www.amazon.com/dp/B0791LY9MW?tag=eloabder-20&linkCode=osi&th=1&psc=1">View Product</a></div><div class="product"><a href="https://www.amazon.com/dp/B079T3KSYL?tag=eloabder-20&linkCode=osi&th=1&psc=1"><img src="https://m.media-amazon.com/images/I/411+lEo81xL._SL500_.jpg" alt="Product Image"></a><p>Wahl USA 4-in-1 Calming Pet Shampoo for Dogs with a Lavender Chamomile Scent – Cleans, Conditions, Detangles, & Moisturizes - Pet Friendly Formula – 64 Oz - Model 821000-050</p><p> -10% 0FF </p><p>$21.53 ($0.34 / fluid ounce)</p><a href="https://www.amazon.com/dp/B079T3KSYL?tag=eloabder-20&linkCode=osi&th=1&psc=1">View Product</a></div><div class="product"><a href="https://www.amazon.com/dp/B079T44C3J?tag=eloabder-20&linkCode=osi&th=1&psc=1"><img src="https://m.media-amazon.com/images/I/41aKOigtAPL._SL500_.jpg" alt="Product Image"></a><p>Wahl USA Dry Skin & Itch Relief Pet Shampoo for Dogs – Oatmeal Formula with Coconut Lime Verbena Scent - 64 Oz - Model 821004-050</p><p> -18% 0FF </p><p>$16.48</p><a href="https://www.amazon.com/dp/B079T44C3J?tag=eloabder-20&linkCode=osi&th=1&psc=1">View Product</a></div><div class="product"><a href="https://www.amazon.com/dp/B0DF3W6L1Y?tag=eloabder-20&linkCode=osi&th=1&psc=1"><img src="https://m.media-amazon.com/images/I/314vZFKBT5L._SL500_.jpg" alt="Product Image"></a><p>MRS. MEYER'S Clean Day 3 in 1 Dog Shampoo, Sweet Chamomile Scent, 14oz</p><p> -25% 0FF </p><p>$13.54 ($0.97 / fluid ounce)</p><a href="https://www.amazon.com/dp/B0DF3W6L1Y?tag=eloabder-20&linkCode=osi&th=1&psc=1">View Product</a></div><div class="product"><a href="https://www.amazon.com/dp/B0DF3S2ZFQ?tag=eloabder-20&linkCode=osi&th=1&psc=1"><img src="https://m.media-amazon.com/images/I/31a6kZ5IHLL._SL500_.jpg" alt="Product Image"></a><p>MRS. MEYER'S Clean Day 3 in 1 Dog Shampoo, White Peach Scent, 14oz</p><p> -36% 0FF </p><p>$11.59 ($0.83 / fluid ounce)</p><a href="https://www.amazon.com/dp/B0DF3S2ZFQ?tag=eloabder-20&linkCode=osi&th=1&psc=1">View Product</a></div>
<div class="product"><a href="https://www.amazon.com/dp/B0002J1FOE?tag=eloabder-20&linkCode=osi&th=1&psc=1"><img src="https://m.media-amazon.com/images/I/41MQpL7i06L._SL500_.jpg" alt="Product Image"></a><p>FRONTLINE Plus Flea and Tick Treatment for Large Dogs Up to 45 to 88 lbs. 3 Treatments</p><p> -22% 0FF </p><p>$34.98 ($11.66 / count)</p><a href="https://www.amazon.com/dp/B0002J1FOE?tag=eloabder-20&linkCode=osi&th=1&psc=1">View Product</a></div><div class="product"><a href="https://www.amazon.com/dp/B0002J1F76?tag=eloabder-20&linkCode=osi&th=1&psc=1"><img src="https://m.media-amazon.com/images/I/41dCAf46o0L._SL500_.jpg" alt="Product Image"></a><p>FRONTLINE Plus Flea and Tick Treatment for Cats Over 1.5 lbs. 3 Treatments</p><p> -11% 0FF </p><p>$39.98 ($783.92 / fluid ounce)</p><a href="https://www.amazon.com/dp/B0002J1F76?tag=eloabder-20&linkCode=osi&th=1&psc=1">View Product</a></div><div class="product"><a href="https://www.amazon.com/dp/B0F2HPNQ1W?tag=eloabder-20&linkCode=osi&th=1&psc=1"><img src="https://m.media-amazon.com/images/I/51DP4EE9hiL._SL500_.jpg" alt="Product Image"></a><p>Chewable Flea and Tick Prevention for Dogs - 120 Soft Chews Made in USA - Oral Flea and Tick Control Pills for Small, Medium, Large Dogs and Puppies - Skin and Coat Supplement Treats for All Breeds</p><p> -29% 0FF </p><p>$19.99 ($0.17 / count)</p><a href="https://www.amazon.com/dp/B0F2HPNQ1W?tag=eloabder-20&linkCode=osi&th=1&psc=1">View Product</a></div><div class="product"><a href="https://www.amazon.com/dp/B0002J1FN0?tag=eloabder-20&linkCode=osi&th=1&psc=1"><img src="https://m.media-amazon.com/images/I/41Ife-kF7uL._SL500_.jpg" alt="Product Image"></a><p>FRONTLINE Plus Flea and Tick Treatment for Medium Dogs Up to 23 to 44 lbs. 3 Treatments</p><p> -11% 0FF </p><p>$39.98 ($13.33 / count)</p><a href="https://www.amazon.com/dp/B0002J1FN0?tag=eloabder-20&linkCode=osi&th=1&psc=1">View Product</a></div><div class="product"><a href="https://www.amazon.com/dp/B00WWP1MIK?tag=eloabder-20&linkCode=osi&th=1&psc=1"><img src="https://m.media-amazon.com/images/I/513P0basXRL._SL500_.jpg" alt="Product Image"></a><p>PetArmor Plus Flea and Tick Prevention for Dogs, Large Dog Flea and Tick Treatment, 3 Doses, Waterproof Topical, Fast Acting (45-88 lbs)</p><p> -37% 0FF </p><p>$18.30 ($6.10 / count)</p><a href="https://www.amazon.com/dp/B00WWP1MIK?tag=eloabder-20&linkCode=osi&th=1&psc=1">View Product</a></div>
<div class="product"><a href="https://www.amazon.com/dp/B0009X29WK?tag=eloabder-20&linkCode=osi&th=1&psc=1"><img src="https://m.media-amazon.com/images/I/51aLRVazcoL._SL500_.jpg" alt="Product Image"></a><p>Dr. Elsey's Ultra UnScented Clumping Clay Cat Litter 40 lb. Bag</p><p> -13% 0FF </p><p>$20.99 ($0.03 / fluid ounce)</p><a href="https://www.amazon.com/dp/B0009X29WK?tag=eloabder-20&linkCode=osi&th=1&psc=1">View Product</a></div><div class="product"><a href="https://www.amazon.com/dp/B089LLHMQL?tag=eloabder-20&linkCode=osi&th=1&psc=1"><img src="https://m.media-amazon.com/images/I/51WhnzWdn4L._SL500_.jpg" alt="Product Image"></a><p>ARM & HAMMER Clump & Seal SLIDE Platinum Multi-Cat Clumping Cat Litter, 14-Day Odor Control, EZ Clean Technology, 18 lbs – No Scrubbing, Powerful Odor Eliminator</p><p> -5% 0FF </p><p>$17.99 ($0.06 / fluid ounce)</p><a href="https://www.amazon.com/dp/B089LLHMQL?tag=eloabder-20&linkCode=osi&th=1&psc=1">View Product</a></div><div class="product"><a href="https://www.amazon.com/dp/B0D1LK2G5C?tag=eloabder-20&linkCode=osi&th=1&psc=1"><img src="https://m.media-amazon.com/images/I/41AT3luVpaL._SL500_.jpg" alt="Product Image"></a><p>Cat's Pride New Antibacterial Cat Litter: Destroys 99.9% of Odor-Causing Bacteria - Powerful Odor Control - Premium Lightweight Clumping Litter - Scented, 12 Pounds</p><p> -5% 0FF </p><p>$9.48 ($0.79 / pound)</p><a href="https://www.amazon.com/dp/B0D1LK2G5C?tag=eloabder-20&linkCode=osi&th=1&psc=1">View Product</a></div><div class="product"><a href="https://www.amazon.com/dp/B0DJDNXZYF?tag=eloabder-20&linkCode=osi&th=1&psc=1"><img src="https://m.media-amazon.com/images/I/51GV-bHkChL._SL500_.jpg" alt="Product Image"></a><p>Fresh Step Clumping Cat Litter, Heavy Duty Advanced, Long Lasting 30-Day Odor Control with Odor Eliminating Carbon, 17.5 lb</p><p> -8% 0FF </p><p>$16.80 ($0.96 / pound)</p><a href="https://www.amazon.com/dp/B0DJDNXZYF?tag=eloabder-20&linkCode=osi&th=1&psc=1">View Product</a></div>
<div class="product"><a href="https://www.amazon.com/dp/B0DCNNN5FC?tag=eloabder-20&linkCode=osi&th=1&psc=1"><img src="https://m.media-amazon.com/images/I/51LR5ZHaD4L._SL500_.jpg" alt="Product Image"></a><p>Frienhund Automatic Cat Feeder with 2K Camera: 5G WiFi Automatic Dog Feeder with Night Vision,Cat Food Dispenser with 7L Large Food Storage Container for Multiple Pet,Detachable for Easy Clean -29 Cup</p><p> -17% 0FF </p><p>$57.99</p><a href="https://www.amazon.com/dp/B0DCNNN5FC?tag=eloabder-20&linkCode=osi&th=1&psc=1">View Product</a></div><div class="product"><a href="https://www.amazon.com/dp/B09LD2CD1L?tag=eloabder-20&linkCode=osi&th=1&psc=1"><img src="https://m.media-amazon.com/images/I/31FCol5w8TL._SL500_.jpg" alt="Product Image"></a><p>VOLUAS Automatic Cat Feeders - Timed Pet Feeder for Cats and Dogs with Dry Food Dispenser, Desiccant Bag, Programmable Portion Control, 4 Daily Meals, 10s Voice Recorder</p><p> -27% 0FF </p><p>$39.98</p><a href="https://www.amazon.com/dp/B09LD2CD1L?tag=eloabder-20&linkCode=osi&th=1&psc=1">View Product</a></div><div class="product"><a href="https://www.amazon.com/dp/B0DT47H4JJ?tag=eloabder-20&linkCode=osi&th=1&psc=1"><img src="https://m.media-amazon.com/images/I/41sK3MB5zTL._SL500_.jpg" alt="Product Image"></a><p>Frienhund Automatic Cat Feeder 2 Cats with Slow Feed: Dual Automatic Dog Feeder with 5G WiFi, Cat Food Dispenser with APP Control for Multiple Pets, Detachable for Easy Clean, Double Pet Bowl - 29 Cup</p><p> -19% 0FF </p><p>$56.98</p><a href="https://www.amazon.com/dp/B0DT47H4JJ?tag=eloabder-20&linkCode=osi&th=1&psc=1">View Product</a></div><div class="product"><a href="https://www.amazon.com/dp/B0F9WLTTLC?tag=eloabder-20&linkCode=osi&th=1&psc=1"><img src="https://m.media-amazon.com/images/I/41oqhTdVBgL._SL500_.jpg" alt="Product Image"></a><p>HoneyGuaridan Automatic Cat Feeder for Two Cats, 5G WiFi Smart Feed Pet Feeder with Stainless Steel Bowl,APP Control Dispenser, Dual Power Supply,Desiccant Bag,10s Meal Call Black</p><p> -20% 0FF </p><p>$55.99</p><a href="https://www.amazon.com/dp/B0F9WLTTLC?tag=eloabder-20&linkCode=osi&th=1&psc=1">View Product</a></div><div class="product"><a href="https://www.amazon.com/dp/B09S8WMJY9?tag=eloabder-20&linkCode=osi&th=1&psc=1"><img src="https://m.media-amazon.com/images/I/41BhIBNEoGL._SL500_.jpg" alt="Product Image"></a><p>PETLIBRO Automatic Cat Feeder, 5G WiFi Automatic Dog Food Dispenser with Freshness Preservation, 5L Timed Pet Feeder with Low Food Sensor, Up to 10 Meals Per Day, Granary Black</p><p> -10% 0FF </p><p>$89.99</p><a href="https://www.amazon.com/dp/B09S8WMJY9?tag=eloabder-20&linkCode=osi&th=1&psc=1">View Product</a></div><div class="product"><a href="https://www.amazon.com/dp/B0DQLJJ5XT?tag=eloabder-20&linkCode=osi&th=1&psc=1"><img src="https://m.media-amazon.com/images/I/31AWcXWoThL._SL500_.jpg" alt="Product Image"></a><p>Dual Automatic Cat Feeder 2 Cats,6 Meals/Day,12 Portions/Meal,4.2L Dual Power Double Bowls Feeder,Dry Food Auto Pet Dispenser,10S Voice Record,Flexible Schedule Timer (Black,Stainless Dual Bowls)</p><p> -40% 0FF </p><p>$29.99</p><a href="https://www.amazon.com/dp/B0DQLJJ5XT?tag=eloabder-20&linkCode=osi&th=1&psc=1">View Product</a></div>

<div class="product"><a href="https://www.amazon.com/dp/B07CYW78JY?tag=eloabder-20&linkCode=osi&th=1&psc=1"><img src="https://m.media-amazon.com/images/I/31PZUfPmUVL._SL500_.jpg" alt="Product Image"></a><p>California Costumes, King of The Jungle - Lion, Dog Costume Large</p><p> -39% 0FF </p><p>$15.27</p><a href="https://www.amazon.com/dp/B07CYW78JY?tag=eloabder-20&linkCode=osi&th=1&psc=1">View Product</a></div>
<div class="product"><a href="https://www.amazon.com/dp/B0DGL9BSWS?tag=eloabder-20&linkCode=osi&th=1&psc=1"><img src="https://m.media-amazon.com/images/I/51IZBwrejKL._SL500_.jpg" alt="Product Image"></a><p>Halypet Cat Harness and Leash Set [MAX Safety 4th-Gen Upgrade] Escape Proof Adjustable Cat Leash Comfortable Soft Vest Easy to Wear Kitten Harness with Reflective Strip for Cats Walking, XS Green</p><p> -20% 0FF </p><p>$13.59</p><a href="https://www.amazon.com/dp/B0DGL9BSWS?tag=eloabder-20&linkCode=osi&th=1&psc=1">View Product</a></div><div class="product"><a href="https://www.amazon.com/dp/B0F1TCFL1Q?tag=eloabder-20&linkCode=osi&th=1&psc=1"><img src="https://m.media-amazon.com/images/I/411MNyyz+3L._SL500_.jpg" alt="Product Image"></a><p>rabbitgoo Small Dog Harness, Step-in Soft Mesh Puppy Vest, Easy Walk with Safety Buckle, Breathable Reflective Pet Harness for Small Sized Dogs</p><p> -8% 0FF </p><p>$30.38</p><a href="https://www.amazon.com/dp/B0F1TCFL1Q?tag=eloabder-20&linkCode=osi&th=1&psc=1">View Product</a></div><div class="product"><a href="https://www.amazon.com/dp/B0F2LZ4Y9T?tag=eloabder-20&linkCode=osi&th=1&psc=1"><img src="https://m.media-amazon.com/images/I/413rLsz8xML._SL500_.jpg" alt="Product Image"></a><p>rabbitgoo Small Dog Harness, Step-in Soft Mesh Puppy Vest, Easy Walk with Safety Buckle, Breathable Reflective Pet Harness for Small Sized Dogs</p><p> -8% 0FF </p><p>$30.38</p><a href="https://www.amazon.com/dp/B0F2LZ4Y9T?tag=eloabder-20&linkCode=osi&th=1&psc=1">View Product</a></div>
<div class="product"><a href="https://www.amazon.com/dp/B0FG7XVF8Z?tag=eloabder-20&linkCode=osi&th=1&psc=1"><img src="https://m.media-amazon.com/images/I/41gaO1jHclL._SL500_.jpg" alt="Product Image"></a><p>Dog Tracker-GPS Dog Collar-GPS Tracker for Dogs-Pet Tracker for Dogs | Android and iOS Universal | No Monthly Fee | Waterproof | Works with Any Collar</p><p> -33% 0FF </p><p>$19.99</p><a href="https://www.amazon.com/dp/B0FG7XVF8Z?tag=eloabder-20&linkCode=osi&th=1&psc=1">View Product</a></div><div class="product"><a href="https://www.amazon.com/dp/B0FHHYX4G5?tag=eloabder-20&linkCode=osi&th=1&psc=1"><img src="https://m.media-amazon.com/images/I/41UoHeHXd9L._SL500_.jpg" alt="Product Image"></a><p>New Fi Series 3+ Smart Dog Collar - GPS Dog Tracker and Activity & New Fitness Monitor, Waterproof, LED Light, Escape Alerts, Nationwide Coverage [Free 6 Month Membership] (Pink, Medium)</p><p> -17% 0FF </p><p>$99.00</p><a href="https://www.amazon.com/dp/B0FHHYX4G5?tag=eloabder-20&linkCode=osi&th=1&psc=1">View Product</a></div>
<div class="product"><a href="https://www.amazon.com/dp/B0FJLF7L44?tag=eloabder-20&linkCode=osi&th=1&psc=1"><img src="https://m.media-amazon.com/images/I/41JOzyGDA3L._SL500_.jpg" alt="Product Image"></a><p>INVENHO Heated Cat Beds for Indoor Cats and Small Dogs, 20" Cozy Donut Heated Pet Bed with Timer & Temp Adjustable, Removable Waterproof Electric Warming Bed for Indoor Cat</p><p> -33% 0FF </p><p>$39.98</p><a href="https://www.amazon.com/dp/B0FJLF7L44?tag=eloabder-20&linkCode=osi&th=1&psc=1">View Product</a></div><div class="product"><a href="https://www.amazon.com/dp/B0FG7R1MF1?tag=eloabder-20&linkCode=osi&th=1&psc=1"><img src="https://m.media-amazon.com/images/I/414NBIuEnUL._SL500_.jpg" alt="Product Image"></a><p>Large Pet Heating Pad, Waterproof Heated Dog Cat Bed with 11 Adjustable Temperatures & 24H Timer, Auto Shut-Off, Chew-Resistant Cord, Washable Cover, Indoor Electric Heating Mat, Grey, L(35" x 24")</p><p> -33% 0FF </p><p>$39.98</p><a href="https://www.amazon.com/dp/B0FG7R1MF1?tag=eloabder-20&linkCode=osi&th=1&psc=1">View Product</a></div><div class="product"><a href="https://www.amazon.com/dp/B0FJ297BWH?tag=eloabder-20&linkCode=osi&th=1&psc=1"><img src="https://m.media-amazon.com/images/I/416TrAZ1CcL._SL500_.jpg" alt="Product Image"></a><p>Toove Heated Cat Bed Indoor - 20" Heating Donut Pet Bed for Cats and Small Dogs, Ultra Soft & Cozy Sleeping Cat Beds, Machine Washable, Waterproof & Safe Warming with Timer and Temperature Control</p><p> -40% 0FF </p><p>$35.98</p><a href="https://www.amazon.com/dp/B0FJ297BWH?tag=eloabder-20&linkCode=osi&th=1&psc=1">View Product</a></div><div class="product"><a href="https://www.amazon.com/dp/B07PH45YCD?tag=eloabder-20&linkCode=osi&th=1&psc=1"><img src="https://m.media-amazon.com/images/I/31PZB9TikkL._SL500_.jpg" alt="Product Image"></a><p>K&H Pet Products Lectro-Soft Orthopedic Outdoor Heated Dog and Cat Bed for Medium Dogs or Big Cats, Soft/Flexible Safety Listed Warming Pad, Waterproof, Washable Cover - Medium 24 X 19in Tan 40W</p><p> -5% 0FF </p><p>$75.62</p><a href="https://www.amazon.com/dp/B07PH45YCD?tag=eloabder-20&linkCode=osi&th=1&psc=1">View Product</a></div><div class="product"><a href="https://www.amazon.com/dp/B0B683451C?tag=eloabder-20&linkCode=osi&th=1&psc=1"><img src="https://m.media-amazon.com/images/I/41t4oZVH4FL._SL500_.jpg" alt="Product Image"></a><p>INVENHO Heated Cat Bed, Waterproof Adjustable Temperature Dog Cat Heating Pad with Timer, Indoor Pet Heating Pad for Cats Dogs Electric Pads for Dogs Cats, Pet Heated Pad (S: 18" x 16")</p><p> -30% 0FF </p><p>$27.98</p><a href="https://www.amazon.com/dp/B0B683451C?tag=eloabder-20&linkCode=osi&th=1&psc=1">View Product</a></div>

<div class="product"><a href="https://www.amazon.com/dp/B09K8YYVWV?tag=eloabder-20&linkCode=osi&th=1&psc=1"><img src="https://m.media-amazon.com/images/I/4123dxF1ijL._SL500_.jpg" alt="Product Image"></a><p>Blue Buffalo Life Protection Formula Natural Adult Dry Dog Food, Chicken and Brown Rice 5-lb Trial Size Bag</p><p> -17% 0FF </p><p>$14.98 ($3.00 / lb)</p><a href="https://www.amazon.com/dp/B09K8YYVWV?tag=eloabder-20&linkCode=osi&th=1&psc=1">View Product</a></div><div class="product"><a href="https://www.amazon.com/dp/B0000AH3QT?tag=eloabder-20&linkCode=osi&th=1&psc=1"><img src="https://m.media-amazon.com/images/I/41FXHOzdCWL._SL500_.jpg" alt="Product Image"></a><p>Purina ONE Chicken and Rice Formula Dry Dog Food - 8 lb. Bag</p><p> -9% 0FF </p><p>$16.28 ($2.04 / lb)</p><a href="https://www.amazon.com/dp/B0000AH3QT?tag=eloabder-20&linkCode=osi&th=1&psc=1">View Product</a></div><div class="product"><a href="https://www.amazon.com/dp/B09K9FDLFN?tag=eloabder-20&linkCode=osi&th=1&psc=1"><img src="https://m.media-amazon.com/images/I/41fn4P3zY0L._SL500_.jpg" alt="Product Image"></a><p>Blue Buffalo Life Protection Formula Natural Adult Small Breed Dry Dog Food, Chicken and Brown Rice 5-lb Trial Size Bag</p><p> -13% 0FF </p><p>$17.48 ($3.50 / lb)</p><a href="https://www.amazon.com/dp/B09K9FDLFN?tag=eloabder-20&linkCode=osi&th=1&psc=1">View Product</a></div><div class="product"><a href="https://www.amazon.com/dp/B009IOCCD2?tag=eloabder-20&linkCode=osi&th=1&psc=1"><img src="https://m.media-amazon.com/images/I/41hzdgAAhmL._SL500_.jpg" alt="Product Image"></a><p>Purina ONE Dry Dog Food Lamb and Rice Formula - 31.1 lb. Bag</p><p> -17% 0FF </p><p>$48.98 ($1.57 / lb)</p><a href="https://www.amazon.com/dp/B009IOCCD2?tag=eloabder-20&linkCode=osi&th=1&psc=1">View Product</a></div><div class="product"><a href="https://www.amazon.com/dp/B06WGLV27L?tag=eloabder-20&linkCode=osi&th=1&psc=1"><img src="https://m.media-amazon.com/images/I/41+bgu7zfAL._SL500_.jpg" alt="Product Image"></a><p>Nutrish Dry Dog Food, Real Beef, Pea & Brown Rice Recipe Whole Health Blend for Adult Dogs, 40 lb. Bag, Packaging May Vary (Rachael Ray)</p><p> -26% 0FF </p><p>$43.99 ($1.10 / lb)</p><a href="https://www.amazon.com/dp/B06WGLV27L?tag=eloabder-20&linkCode=osi&th=1&psc=1">View Product</a></div><div class="product"><a href="https://www.amazon.com/dp/B0009YWKUA?tag=eloabder-20&linkCode=osi&th=1&psc=1"><img src="https://m.media-amazon.com/images/I/41gZ78TZzBL._SL500_.jpg" alt="Product Image"></a><p>Blue Buffalo Life Protection Formula Adult Dry Dog Food, Helps Build and Maintain Strong Muscles, Made with Natural Ingredients, Chicken & Brown Rice Recipe, 30-lb. Bag</p><p> -11% 0FF </p><p>$66.99 ($2.23 / lb)</p><a href="https://www.amazon.com/dp/B0009YWKUA?tag=eloabder-20&linkCode=osi&th=1&psc=1">View Product</a></div><div class="product"><a href="https://www.amazon.com/dp/B0009YUGAG?tag=eloabder-20&linkCode=osi&th=1&psc=1"><img src="https://m.media-amazon.com/images/I/41s0BUVfCbL._SL500_.jpg" alt="Product Image"></a><p>Blue Buffalo Life Protection Formula Adult Dry Dog Food, Helps Build and Maintain Strong Muscles, Made with Natural Ingredients, Chicken & Brown Rice Recipe, 15-lb. Bag</p><p> -15% 0FF </p><p>$37.98 ($2.53 / lb)</p><a href="https://www.amazon.com/dp/B0009YUGAG?tag=eloabder-20&linkCode=osi&th=1&psc=1">View Product</a></div>
<div class="product"><a href="https://www.amazon.com/dp/B0BFPJJTR9?tag=eloabder-20&linkCode=osi&th=1&psc=1"><img src="https://m.media-amazon.com/images/I/511o77BB+6L._SL500_.jpg" alt="Product Image"></a><p>Joytale Dog Leash for Large Dogs, Heavy Duty Nylon Leashes with Comfortable Padded Handle and Highly Reflective Threads, Ideal for Walking and Training, Black, 6'×1/2''</p><p> -10% 0FF </p><p>$7.19</p><a href="https://www.amazon.com/dp/B0BFPJJTR9?tag=eloabder-20&linkCode=osi&th=1&psc=1">View Product</a></div><div class="product"><a href="https://www.amazon.com/dp/B076F7HM8T?tag=eloabder-20&linkCode=osi&th=1&psc=1"><img src="https://m.media-amazon.com/images/I/41Qlfdjpa1L._SL500_.jpg" alt="Product Image"></a><p>TUG 360° Tangle-Free Retractable Dog Leash | 16 ft Strong Nylon Tape | One-Handed Brake, Pause, Lock (Medium, White)</p><p> -12% 0FF </p><p>$18.99</p><a href="https://www.amazon.com/dp/B076F7HM8T?tag=eloabder-20&linkCode=osi&th=1&psc=1">View Product</a></div><div class="product"><a href="https://www.amazon.com/dp/B095C8RXSH?tag=eloabder-20&linkCode=osi&th=1&psc=1"><img src="https://m.media-amazon.com/images/I/518Mz7ChiHL._SL500_.jpg" alt="Product Image"></a><p>Taglory Rope Dog Leash 6 FT with Comfortable Padded Handle, Highly Reflective Threads Leash for Medium Large Dogs, 1/2 inch, Hotpink</p><p> -36% 0FF </p><p>$9.99 ($9.99 / count)</p><a href="https://www.amazon.com/dp/B095C8RXSH?tag=eloabder-20&linkCode=osi&th=1&psc=1">View Product</a></div><div class="product"><a href="https://www.amazon.com/dp/B078SLM45M?tag=eloabder-20&linkCode=osi&th=1&psc=1"><img src="https://m.media-amazon.com/images/I/41cyg8ILTTL._SL500_.jpg" alt="Product Image"></a><p>TUG 360° Tangle-Free Retractable Dog Leash | 16 ft Strong Nylon Tape | One-Handed Brake, Pause, Lock (Large, White)</p><p> -14% 0FF </p><p>$21.99</p><a href="https://www.amazon.com/dp/B078SLM45M?tag=eloabder-20&linkCode=osi&th=1&psc=1">View Product</a></div>
<div class="product"><a href="https://www.amazon.com/dp/B0DGL4H82X?tag=eloabder-20&linkCode=osi&th=1&psc=1"><img src="https://m.media-amazon.com/images/I/51pDCCmAQNL._SL500_.jpg" alt="Product Image"></a><p>Halypet Cat Harness and Leash Set [MAX Safety 4th-Gen Upgrade] Escape Proof Adjustable Cat Leash Comfortable Soft Vest Easy to Wear Kitten Harness with Reflective Strip for Cats Walking, M Black</p><p> -28% 0FF </p><p>$10.79</p><a href="https://www.amazon.com/dp/B0DGL4H82X?tag=eloabder-20&linkCode=osi&th=1&psc=1">View Product</a></div><div class="product"><a href="https://www.amazon.com/dp/B000OGRDK0?tag=eloabder-20&linkCode=osi&th=1&psc=1"><img src="https://m.media-amazon.com/images/I/31tfSFnHwmL._SL500_.jpg" alt="Product Image"></a><p>PetSafe Nylon Leash - Chew-Resistant Cat & Dog Behavioral Training Leash - Compatible with Easy-Walk Harness - Traditional-Style Reliable Pet Lead with a Padded Hand Wrap - 3/8" x 6' - Black</p><p> -15% 0FF </p><p>$4.24</p><a href="https://www.amazon.com/dp/B000OGRDK0?tag=eloabder-20&linkCode=osi&th=1&psc=1">View Product</a></div><div class="product"><a href="https://www.amazon.com/dp/B0DGL21M78?tag=eloabder-20&linkCode=osi&th=1&psc=1"><img src="https://m.media-amazon.com/images/I/51pDCCmAQNL._SL500_.jpg" alt="Product Image"></a><p>Halypet Cat Harness and Leash Set - MAX Safety 4th-Gen Upgrade, Escape Proof, Adjustable, Comfortable Soft Vest, Easy to Wear Kitten Harness with Reflective Strip for Cats Walking - Small Black</p><p> -25% 0FF </p><p>$11.24</p><a href="https://www.amazon.com/dp/B0DGL21M78?tag=eloabder-20&linkCode=osi&th=1&psc=1">View Product</a></div>
<div class="product"><a href="https://www.amazon.com/dp/B08CCG96FR?tag=eloabder-20&linkCode=osi&th=1&psc=1"><img src="https://m.media-amazon.com/images/I/519rYYNcfDL._SL500_.jpg" alt="Product Image"></a><p>Best Pet Supplies Voyager Step-in Air Harness - All Weather Mesh, Reflective, No Pull Harness for Dogs, Cats - Secure with Hook & Loop Fastener, Buckle, Double D-Rings - Fuchsia, S</p><p> -39% 0FF </p><p>$9.07</p><a href="https://www.amazon.com/dp/B08CCG96FR?tag=eloabder-20&linkCode=osi&th=1&psc=1">View Product</a></div><div class="product"><a href="https://www.amazon.com/dp/B0F134YP3R?tag=eloabder-20&linkCode=osi&th=1&psc=1"><img src="https://m.media-amazon.com/images/I/41WVEg4wn7L._SL500_.jpg" alt="Product Image"></a><p>Bruvoalon Heavy-Duty Tactical Dog Harness for Large Dogs, No Pull Adjustable Reflective K9 Vest with Molle System, 12 Colors & 4 Sizes, Military-Grade Control for Training, Outdoor & 10+ Breeds</p><p> -24% 0FF </p><p>$15.19</p><a href="https://www.amazon.com/dp/B0F134YP3R?tag=eloabder-20&linkCode=osi&th=1&psc=1">View Product</a></div><div class="product"><a href="https://www.amazon.com/dp/B0DGXJWK9J?tag=eloabder-20&linkCode=osi&th=1&psc=1"><img src="https://m.media-amazon.com/images/I/51mncolU3aL._SL500_.jpg" alt="Product Image"></a><p>SlowTon No Pull Dog Harness - Heavy Duty Dog Harness and Leash Set for Medium Large Dogs, Reflective Tactical Harness with Soft Padded and Front Clip for Easy Walk and Training (Black L)</p><p> -13% 0FF </p><p>$19.99</p><a href="https://www.amazon.com/dp/B0DGXJWK9J?tag=eloabder-20&linkCode=osi&th=1&psc=1">View Product</a></div><div class="product"><a href="https://www.amazon.com/dp/B0DRJYND78?tag=eloabder-20&linkCode=osi&th=1&psc=1"><img src="https://m.media-amazon.com/images/I/41NZVoj8wjL._SL500_.jpg" alt="Product Image"></a><p>Wisedog Reflective No Pull Dog Harness - Adjustable Lightweight Pet Vest with 3 Fast-Release Buckles for Dogs Walking, Running and Training(M, Orange)</p><p> -50% 0FF </p><p>$5.59</p><a href="https://www.amazon.com/dp/B0DRJYND78?tag=eloabder-20&linkCode=osi&th=1&psc=1">View Product</a></div><div class="product"><a href="https://www.amazon.com/dp/B0FFV1QZVJ?tag=eloabder-20&linkCode=osi&th=1&psc=1"><img src="https://m.media-amazon.com/images/I/41BPzHU2wsL._SL500_.jpg" alt="Product Image"></a><p>PWOD No Pull Dog Harness with 2 Leash Clips, Reflective Adjustable Soft Padded Vest with Handle, Breathable Oxford No Choke Pet Vest for Large Dogs, Black,L</p><p> -30% 0FF </p><p>$13.99</p><a href="https://www.amazon.com/dp/B0FFV1QZVJ?tag=eloabder-20&linkCode=osi&th=1&psc=1">View Product</a></div><div class="product"><a href="https://www.amazon.com/dp/B0792XS9B1?tag=eloabder-20&linkCode=osi&th=1&psc=1"><img src="https://m.media-amazon.com/images/I/510eqOLi1TL._SL500_.jpg" alt="Product Image"></a><p>PoyPet No Pull Dog Harness, No Choke Front Lead Dog Reflective Harness, Adjustable Soft Padded Pet Vest with Easy Control Handle for Small to Large Dogs(Pink, Medium)</p><p> -11% 0FF </p><p>$11.99 ($11.99 / count)</p><a href="https://www.amazon.com/dp/B0792XS9B1?tag=eloabder-20&linkCode=osi&th=1&psc=1">View Product</a></div>
<div class="product"><a href="https://www.amazon.com/dp/B08CCGRW5D?tag=eloabder-20&linkCode=osi&th=1&psc=1"><img src="https://m.media-amazon.com/images/I/519rYYNcfDL._SL500_.jpg" alt="Product Image"></a><p>Best Pet Supplies Voyager Step-in Air Harness - All Weather Mesh, Reflective, No Pull Harness for Dogs, Cats - Secure with Hook & Loop Fastener, Buckle, Double D-Rings - Fuchsia, M</p><p> -13% 0FF </p><p>$12.99</p><a href="https://www.amazon.com/dp/B08CCGRW5D?tag=eloabder-20&linkCode=osi&th=1&psc=1">View Product</a></div>
<div class="product"><a href="https://www.amazon.com/dp/B005CUTWDE?tag=eloabder-20&linkCode=osi&th=1&psc=1"><img src="https://m.media-amazon.com/images/I/41j4IEfx6wL._SL500_.jpg" alt="Product Image"></a><p>Wahl USA Dry Skin & Itch Relief Pet Shampoo for Dogs – Oatmeal Formula with Coconut Lime Verbena Scent & Pet Friendly Formula, 24 Oz - Model 820004A</p><p> -10% 0FF </p><p>$8.97</p><a href="https://www.amazon.com/dp/B005CUTWDE?tag=eloabder-20&linkCode=osi&th=1&psc=1">View Product</a></div><div class="product"><a href="https://www.amazon.com/dp/B0791LY9MW?tag=eloabder-20&linkCode=osi&th=1&psc=1"><img src="https://m.media-amazon.com/images/I/510j7m4z+0L._SL500_.jpg" alt="Product Image"></a><p>PAWFUME Deshedding Dog Shampoo and Conditioner, Show Dog, 1-Pack – Nourish & Detangle for Silky Soft Coat – Probiotic, Deep-Cleaning, pH-Balanced Formula – Salon-Quality Shampoo for Dogs</p><p> -13% 0FF </p><p>$13.99 ($1.17 / fluid ounce)</p><a href="https://www.amazon.com/dp/B0791LY9MW?tag=eloabder-20&linkCode=osi&th=1&psc=1">View Product</a></div><div class="product"><a href="https://www.amazon.com/dp/B079T3KSYL?tag=eloabder-20&linkCode=osi&th=1&psc=1"><img src="https://m.media-amazon.com/images/I/411+lEo81xL._SL500_.jpg" alt="Product Image"></a><p>Wahl USA 4-in-1 Calming Pet Shampoo for Dogs with a Lavender Chamomile Scent – Cleans, Conditions, Detangles, & Moisturizes - Pet Friendly Formula – 64 Oz - Model 821000-050</p><p> -10% 0FF </p><p>$21.53 ($0.34 / fluid ounce)</p><a href="https://www.amazon.com/dp/B079T3KSYL?tag=eloabder-20&linkCode=osi&th=1&psc=1">View Product</a></div><div class="product"><a href="https://www.amazon.com/dp/B079T44C3J?tag=eloabder-20&linkCode=osi&th=1&psc=1"><img src="https://m.media-amazon.com/images/I/41aKOigtAPL._SL500_.jpg" alt="Product Image"></a><p>Wahl USA Dry Skin & Itch Relief Pet Shampoo for Dogs – Oatmeal Formula with Coconut Lime Verbena Scent - 64 Oz - Model 821004-050</p><p> -18% 0FF </p><p>$16.48</p><a href="https://www.amazon.com/dp/B079T44C3J?tag=eloabder-20&linkCode=osi&th=1&psc=1">View Product</a></div><div class="product"><a href="https://www.amazon.com/dp/B0DF3W6L1Y?tag=eloabder-20&linkCode=osi&th=1&psc=1"><img src="https://m.media-amazon.com/images/I/314vZFKBT5L._SL500_.jpg" alt="Product Image"></a><p>MRS. MEYER'S Clean Day 3 in 1 Dog Shampoo, Sweet Chamomile Scent, 14oz</p><p> -25% 0FF </p><p>$13.54 ($0.97 / fluid ounce)</p><a href="https://www.amazon.com/dp/B0DF3W6L1Y?tag=eloabder-20&linkCode=osi&th=1&psc=1">View Product</a></div><div class="product"><a href="https://www.amazon.com/dp/B0DF3S2ZFQ?tag=eloabder-20&linkCode=osi&th=1&psc=1"><img src="https://m.media-amazon.com/images/I/31a6kZ5IHLL._SL500_.jpg" alt="Product Image"></a><p>MRS. MEYER'S Clean Day 3 in 1 Dog Shampoo, White Peach Scent, 14oz</p><p> -36% 0FF </p><p>$11.59 ($0.83 / fluid ounce)</p><a href="https://www.amazon.com/dp/B0DF3S2ZFQ?tag=eloabder-20&linkCode=osi&th=1&psc=1">View Product</a></div>
<div class="product"><a href="https://www.amazon.com/dp/B0002J1FOE?tag=eloabder-20&linkCode=osi&th=1&psc=1"><img src="https://m.media-amazon.com/images/I/41MQpL7i06L._SL500_.jpg" alt="Product Image"></a><p>FRONTLINE Plus Flea and Tick Treatment for Large Dogs Up to 45 to 88 lbs. 3 Treatments</p><p> -22% 0FF </p><p>$34.98 ($11.66 / count)</p><a href="https://www.amazon.com/dp/B0002J1FOE?tag=eloabder-20&linkCode=osi&th=1&psc=1">View Product</a></div><div class="product"><a href="https://www.amazon.com/dp/B0002J1F76?tag=eloabder-20&linkCode=osi&th=1&psc=1"><img src="https://m.media-amazon.com/images/I/41dCAf46o0L._SL500_.jpg" alt="Product Image"></a><p>FRONTLINE Plus Flea and Tick Treatment for Cats Over 1.5 lbs. 3 Treatments</p><p> -11% 0FF </p><p>$39.98 ($783.92 / fluid ounce)</p><a href="https://www.amazon.com/dp/B0002J1F76?tag=eloabder-20&linkCode=osi&th=1&psc=1">View Product</a></div><div class="product"><a href="https://www.amazon.com/dp/B0F2HPNQ1W?tag=eloabder-20&linkCode=osi&th=1&psc=1"><img src="https://m.media-amazon.com/images/I/51DP4EE9hiL._SL500_.jpg" alt="Product Image"></a><p>Chewable Flea and Tick Prevention for Dogs - 120 Soft Chews Made in USA - Oral Flea and Tick Control Pills for Small, Medium, Large Dogs and Puppies - Skin and Coat Supplement Treats for All Breeds</p><p> -29% 0FF </p><p>$19.99 ($0.17 / count)</p><a href="https://www.amazon.com/dp/B0F2HPNQ1W?tag=eloabder-20&linkCode=osi&th=1&psc=1">View Product</a></div><div class="product"><a href="https://www.amazon.com/dp/B0002J1FN0?tag=eloabder-20&linkCode=osi&th=1&psc=1"><img src="https://m.media-amazon.com/images/I/41Ife-kF7uL._SL500_.jpg" alt="Product Image"></a><p>FRONTLINE Plus Flea and Tick Treatment for Medium Dogs Up to 23 to 44 lbs. 3 Treatments</p><p> -11% 0FF </p><p>$39.98 ($13.33 / count)</p><a href="https://www.amazon.com/dp/B0002J1FN0?tag=eloabder-20&linkCode=osi&th=1&psc=1">View Product</a></div><div class="product"><a href="https://www.amazon.com/dp/B00WWP1MIK?tag=eloabder-20&linkCode=osi&th=1&psc=1"><img src="https://m.media-amazon.com/images/I/513P0basXRL._SL500_.jpg" alt="Product Image"></a><p>PetArmor Plus Flea and Tick Prevention for Dogs, Large Dog Flea and Tick Treatment, 3 Doses, Waterproof Topical, Fast Acting (45-88 lbs)</p><p> -37% 0FF </p><p>$18.30 ($6.10 / count)</p><a href="https://www.amazon.com/dp/B00WWP1MIK?tag=eloabder-20&linkCode=osi&th=1&psc=1">View Product</a></div>
<div class="product"><a href="https://www.amazon.com/dp/B0009X29WK?tag=eloabder-20&linkCode=osi&th=1&psc=1"><img src="https://m.media-amazon.com/images/I/51aLRVazcoL._SL500_.jpg" alt="Product Image"></a><p>Dr. Elsey's Ultra UnScented Clumping Clay Cat Litter 40 lb. Bag</p><p> -13% 0FF </p><p>$20.99 ($0.03 / fluid ounce)</p><a href="https://www.amazon.com/dp/B0009X29WK?tag=eloabder-20&linkCode=osi&th=1&psc=1">View Product</a></div><div class="product"><a href="https://www.amazon.com/dp/B089LLHMQL?tag=eloabder-20&linkCode=osi&th=1&psc=1"><img src="https://m.media-amazon.com/images/I/51WhnzWdn4L._SL500_.jpg" alt="Product Image"></a><p>ARM & HAMMER Clump & Seal SLIDE Platinum Multi-Cat Clumping Cat Litter, 14-Day Odor Control, EZ Clean Technology, 18 lbs – No Scrubbing, Powerful Odor Eliminator</p><p> -5% 0FF </p><p>$17.99 ($0.06 / fluid ounce)</p><a href="https://www.amazon.com/dp/B089LLHMQL?tag=eloabder-20&linkCode=osi&th=1&psc=1">View Product</a></div><div class="product"><a href="https://www.amazon.com/dp/B0D1LK2G5C?tag=eloabder-20&linkCode=osi&th=1&psc=1"><img src="https://m.media-amazon.com/images/I/41AT3luVpaL._SL500_.jpg" alt="Product Image"></a><p>Cat's Pride New Antibacterial Cat Litter: Destroys 99.9% of Odor-Causing Bacteria - Powerful Odor Control - Premium Lightweight Clumping Litter - Scented, 12 Pounds</p><p> -5% 0FF </p><p>$9.48 ($0.79 / pound)</p><a href="https://www.amazon.com/dp/B0D1LK2G5C?tag=eloabder-20&linkCode=osi&th=1&psc=1">View Product</a></div><div class="product"><a href="https://www.amazon.com/dp/B0DJDNXZYF?tag=eloabder-20&linkCode=osi&th=1&psc=1"><img src="https://m.media-amazon.com/images/I/51GV-bHkChL._SL500_.jpg" alt="Product Image"></a><p>Fresh Step Clumping Cat Litter, Heavy Duty Advanced, Long Lasting 30-Day Odor Control with Odor Eliminating Carbon, 17.5 lb</p><p> -8% 0FF </p><p>$16.80 ($0.96 / pound)</p><a href="https://www.amazon.com/dp/B0DJDNXZYF?tag=eloabder-20&linkCode=osi&th=1&psc=1">View Product</a></div>
<div class="product"><a href="https://www.amazon.com/dp/B0DCNNN5FC?tag=eloabder-20&linkCode=osi&th=1&psc=1"><img src="https://m.media-amazon.com/images/I/51LR5ZHaD4L._SL500_.jpg" alt="Product Image"></a><p>Frienhund Automatic Cat Feeder with 2K Camera: 5G WiFi Automatic Dog Feeder with Night Vision,Cat Food Dispenser with 7L Large Food Storage Container for Multiple Pet,Detachable for Easy Clean -29 Cup</p><p> -17% 0FF </p><p>$57.99</p><a href="https://www.amazon.com/dp/B0DCNNN5FC?tag=eloabder-20&linkCode=osi&th=1&psc=1">View Product</a></div><div class="product"><a href="https://www.amazon.com/dp/B09LD2CD1L?tag=eloabder-20&linkCode=osi&th=1&psc=1"><img src="https://m.media-amazon.com/images/I/31FCol5w8TL._SL500_.jpg" alt="Product Image"></a><p>VOLUAS Automatic Cat Feeders - Timed Pet Feeder for Cats and Dogs with Dry Food Dispenser, Desiccant Bag, Programmable Portion Control, 4 Daily Meals, 10s Voice Recorder</p><p> -27% 0FF </p><p>$39.98</p><a href="https://www.amazon.com/dp/B09LD2CD1L?tag=eloabder-20&linkCode=osi&th=1&psc=1">View Product</a></div><div class="product"><a href="https://www.amazon.com/dp/B0DT47H4JJ?tag=eloabder-20&linkCode=osi&th=1&psc=1"><img src="https://m.media-amazon.com/images/I/41sK3MB5zTL._SL500_.jpg" alt="Product Image"></a><p>Frienhund Automatic Cat Feeder 2 Cats with Slow Feed: Dual Automatic Dog Feeder with 5G WiFi, Cat Food Dispenser with APP Control for Multiple Pets, Detachable for Easy Clean, Double Pet Bowl - 29 Cup</p><p> -19% 0FF </p><p>$56.98</p><a href="https://www.amazon.com/dp/B0DT47H4JJ?tag=eloabder-20&linkCode=osi&th=1&psc=1">View Product</a></div><div class="product"><a href="https://www.amazon.com/dp/B0F9WLTTLC?tag=eloabder-20&linkCode=osi&th=1&psc=1"><img src="https://m.media-amazon.com/images/I/41oqhTdVBgL._SL500_.jpg" alt="Product Image"></a><p>HoneyGuaridan Automatic Cat Feeder for Two Cats, 5G WiFi Smart Feed Pet Feeder with Stainless Steel Bowl,APP Control Dispenser, Dual Power Supply,Desiccant Bag,10s Meal Call Black</p><p> -20% 0FF </p><p>$55.99</p><a href="https://www.amazon.com/dp/B0F9WLTTLC?tag=eloabder-20&linkCode=osi&th=1&psc=1">View Product</a></div><div class="product"><a href="https://www.amazon.com/dp/B09S8WMJY9?tag=eloabder-20&linkCode=osi&th=1&psc=1"><img src="https://m.media-amazon.com/images/I/41BhIBNEoGL._SL500_.jpg" alt="Product Image"></a><p>PETLIBRO Automatic Cat Feeder, 5G WiFi Automatic Dog Food Dispenser with Freshness Preservation, 5L Timed Pet Feeder with Low Food Sensor, Up to 10 Meals Per Day, Granary Black</p><p> -10% 0FF </p><p>$89.99</p><a href="https://www.amazon.com/dp/B09S8WMJY9?tag=eloabder-20&linkCode=osi&th=1&psc=1">View Product</a></div><div class="product"><a href="https://www.amazon.com/dp/B0DQLJJ5XT?tag=eloabder-20&linkCode=osi&th=1&psc=1"><img src="https://m.media-amazon.com/images/I/31AWcXWoThL._SL500_.jpg" alt="Product Image"></a><p>Dual Automatic Cat Feeder 2 Cats,6 Meals/Day,12 Portions/Meal,4.2L Dual Power Double Bowls Feeder,Dry Food Auto Pet Dispenser,10S Voice Record,Flexible Schedule Timer (Black,Stainless Dual Bowls)</p><p> -40% 0FF </p><p>$29.99</p><a href="https://www.amazon.com/dp/B0DQLJJ5XT?tag=eloabder-20&linkCode=osi&th=1&psc=1">View Product</a></div>

<div class="product"><a href="https://www.amazon.com/dp/B07CYW78JY?tag=eloabder-20&linkCode=osi&th=1&psc=1"><img src="https://m.media-amazon.com/images/I/31PZUfPmUVL._SL500_.jpg" alt="Product Image"></a><p>California Costumes, King of The Jungle - Lion, Dog Costume Large</p><p> -39% 0FF </p><p>$15.27</p><a href="https://www.amazon.com/dp/B07CYW78JY?tag=eloabder-20&linkCode=osi&th=1&psc=1">View Product</a></div>
<div class="product"><a href="https://www.amazon.com/dp/B0DGL9BSWS?tag=eloabder-20&linkCode=osi&th=1&psc=1"><img src="https://m.media-amazon.com/images/I/51IZBwrejKL._SL500_.jpg" alt="Product Image"></a><p>Halypet Cat Harness and Leash Set [MAX Safety 4th-Gen Upgrade] Escape Proof Adjustable Cat Leash Comfortable Soft Vest Easy to Wear Kitten Harness with Reflective Strip for Cats Walking, XS Green</p><p> -20% 0FF </p><p>$13.59</p><a href="https://www.amazon.com/dp/B0DGL9BSWS?tag=eloabder-20&linkCode=osi&th=1&psc=1">View Product</a></div><div class="product"><a href="https://www.amazon.com/dp/B0F1TCFL1Q?tag=eloabder-20&linkCode=osi&th=1&psc=1"><img src="https://m.media-amazon.com/images/I/411MNyyz+3L._SL500_.jpg" alt="Product Image"></a><p>rabbitgoo Small Dog Harness, Step-in Soft Mesh Puppy Vest, Easy Walk with Safety Buckle, Breathable Reflective Pet Harness for Small Sized Dogs</p><p> -8% 0FF </p><p>$30.38</p><a href="https://www.amazon.com/dp/B0F1TCFL1Q?tag=eloabder-20&linkCode=osi&th=1&psc=1">View Product</a></div><div class="product"><a href="https://www.amazon.com/dp/B0F2LZ4Y9T?tag=eloabder-20&linkCode=osi&th=1&psc=1"><img src="https://m.media-amazon.com/images/I/413rLsz8xML._SL500_.jpg" alt="Product Image"></a><p>rabbitgoo Small Dog Harness, Step-in Soft Mesh Puppy Vest, Easy Walk with Safety Buckle, Breathable Reflective Pet Harness for Small Sized Dogs</p><p> -8% 0FF </p><p>$30.38</p><a href="https://www.amazon.com/dp/B0F2LZ4Y9T?tag=eloabder-20&linkCode=osi&th=1&psc=1">View Product</a></div>
<div class="product"><a href="https://www.amazon.com/dp/B0FG7XVF8Z?tag=eloabder-20&linkCode=osi&th=1&psc=1"><img src="https://m.media-amazon.com/images/I/41gaO1jHclL._SL500_.jpg" alt="Product Image"></a><p>Dog Tracker-GPS Dog Collar-GPS Tracker for Dogs-Pet Tracker for Dogs | Android and iOS Universal | No Monthly Fee | Waterproof | Works with Any Collar</p><p> -33% 0FF </p><p>$19.99</p><a href="https://www.amazon.com/dp/B0FG7XVF8Z?tag=eloabder-20&linkCode=osi&th=1&psc=1">View Product</a></div><div class="product"><a href="https://www.amazon.com/dp/B0FHHYX4G5?tag=eloabder-20&linkCode=osi&th=1&psc=1"><img src="https://m.media-amazon.com/images/I/41UoHeHXd9L._SL500_.jpg" alt="Product Image"></a><p>New Fi Series 3+ Smart Dog Collar - GPS Dog Tracker and Activity & New Fitness Monitor, Waterproof, LED Light, Escape Alerts, Nationwide Coverage [Free 6 Month Membership] (Pink, Medium)</p><p> -17% 0FF </p><p>$99.00</p><a href="https://www.amazon.com/dp/B0FHHYX4G5?tag=eloabder-20&linkCode=osi&th=1&psc=1">View Product</a></div>
<div class="product"><a href="https://www.amazon.com/dp/B0FJLF7L44?tag=eloabder-20&linkCode=osi&th=1&psc=1"><img src="https://m.media-amazon.com/images/I/41JOzyGDA3L._SL500_.jpg" alt="Product Image"></a><p>INVENHO Heated Cat Beds for Indoor Cats and Small Dogs, 20" Cozy Donut Heated Pet Bed with Timer & Temp Adjustable, Removable Waterproof Electric Warming Bed for Indoor Cat</p><p> -33% 0FF </p><p>$39.98</p><a href="https://www.amazon.com/dp/B0FJLF7L44?tag=eloabder-20&linkCode=osi&th=1&psc=1">View Product</a></div><div class="product"><a href="https://www.amazon.com/dp/B0FG7R1MF1?tag=eloabder-20&linkCode=osi&th=1&psc=1"><img src="https://m.media-amazon.com/images/I/414NBIuEnUL._SL500_.jpg" alt="Product Image"></a><p>Large Pet Heating Pad, Waterproof Heated Dog Cat Bed with 11 Adjustable Temperatures & 24H Timer, Auto Shut-Off, Chew-Resistant Cord, Washable Cover, Indoor Electric Heating Mat, Grey, L(35" x 24")</p><p> -33% 0FF </p><p>$39.98</p><a href="https://www.amazon.com/dp/B0FG7R1MF1?tag=eloabder-20&linkCode=osi&th=1&psc=1">View Product</a></div><div class="product"><a href="https://www.amazon.com/dp/B0FJ297BWH?tag=eloabder-20&linkCode=osi&th=1&psc=1"><img src="https://m.media-amazon.com/images/I/416TrAZ1CcL._SL500_.jpg" alt="Product Image"></a><p>Toove Heated Cat Bed Indoor - 20" Heating Donut Pet Bed for Cats and Small Dogs, Ultra Soft & Cozy Sleeping Cat Beds, Machine Washable, Waterproof & Safe Warming with Timer and Temperature Control</p><p> -40% 0FF </p><p>$35.98</p><a href="https://www.amazon.com/dp/B0FJ297BWH?tag=eloabder-20&linkCode=osi&th=1&psc=1">View Product</a></div><div class="product"><a href="https://www.amazon.com/dp/B07PH45YCD?tag=eloabder-20&linkCode=osi&th=1&psc=1"><img src="https://m.media-amazon.com/images/I/31PZB9TikkL._SL500_.jpg" alt="Product Image"></a><p>K&H Pet Products Lectro-Soft Orthopedic Outdoor Heated Dog and Cat Bed for Medium Dogs or Big Cats, Soft/Flexible Safety Listed Warming Pad, Waterproof, Washable Cover - Medium 24 X 19in Tan 40W</p><p> -5% 0FF </p><p>$75.62</p><a href="https://www.amazon.com/dp/B07PH45YCD?tag=eloabder-20&linkCode=osi&th=1&psc=1">View Product</a></div><div class="product"><a href="https://www.amazon.com/dp/B0B683451C?tag=eloabder-20&linkCode=osi&th=1&psc=1"><img src="https://m.media-amazon.com/images/I/41t4oZVH4FL._SL500_.jpg" alt="Product Image"></a><p>INVENHO Heated Cat Bed, Waterproof Adjustable Temperature Dog Cat Heating Pad with Timer, Indoor Pet Heating Pad for Cats Dogs Electric Pads for Dogs Cats, Pet Heated Pad (S: 18" x 16")</p><p> -30% 0FF </p><p>$27.98</p><a href="https://www.amazon.com/dp/B0B683451C?tag=eloabder-20&linkCode=osi&th=1&psc=1">View Product</a></div>
<div class="product"><a href="https://www.amazon.com/dp/B0C85D9LT3?tag=eloabder-20&linkCode=osi&th=1&psc=1"><img src="https://m.media-amazon.com/images/I/418DOElHohL._SL500_.jpg" alt="Product Image"></a><p>MoNiBloom Foldable Pet Stroller with Weather Cover, 3 Wheels Pet Strolling Cart for Small/Medium Dogs and Cats with Storage Basket and Cup Holder, Breathable and Visible Mesh for All-Season, Black</p><p> -34% 0FF </p><p>$46.54</p><a href="https://www.amazon.com/dp/B0C85D9LT3?tag=eloabder-20&linkCode=osi&th=1&psc=1">View Product</a></div><div class="product"><a href="https://www.amazon.com/dp/B0C85D7H92?tag=eloabder-20&linkCode=osi&th=1&psc=1"><img src="https://m.media-amazon.com/images/I/41wgVSYG8ML._SL500_.jpg" alt="Product Image"></a><p>MoNiBloom 3 Wheels Pet Stroller, Foldable Dog Cat Cage Jogger Stroller with Weather Cover for All-Season, Storage Basket and Cup Holder, Breathable and Visible Mesh for Small/Medium Pets, Blue</p><p> -23% 0FF </p><p>$53.99</p><a href="https://www.amazon.com/dp/B0C85D7H92?tag=eloabder-20&linkCode=osi&th=1&psc=1">View Product</a></div><div class="product"><a href="https://www.amazon.com/dp/B00SGMIKF6?tag=eloabder-20&linkCode=osi&th=1&psc=1"><img src="https://m.media-amazon.com/images/I/41lNHFLM4lL._SL500_.jpg" alt="Product Image"></a><p>BestPet | 3-Wheel Pet Stroller | Dog and Cat Stroller | Breathable Mesh | Lightweight Travel Carrier | Waterproof & Foldable Design | Storage Basket | Black | for Daily Walks & Outdoor Use</p><p> -25% 0FF </p><p>$44.99</p><a href="https://www.amazon.com/dp/B00SGMIKF6?tag=eloabder-20&linkCode=osi&th=1&psc=1">View Product</a></div><div class="product"><a href="https://www.amazon.com/dp/B0DBPS43RH?tag=eloabder-20&linkCode=osi&th=1&psc=1"><img src="https://m.media-amazon.com/images/I/41617xgqkgL._SL500_.jpg" alt="Product Image"></a><p>MoNiBloom 3 Wheels Pet Dog Cat Stroller for Small Medium Dogs and Cats, Lightweight Foldable Jogger Stroller w/Storage Basket and Cup Holder, Gray</p><p> -22% 0FF </p><p>$56.98</p><a href="https://www.amazon.com/dp/B0DBPS43RH?tag=eloabder-20&linkCode=osi&th=1&psc=1">View Product</a></div>

<div class="product"><a href="https://www.amazon.com/dp/B0CGZ7N7J4?tag=eloabder-20&linkCode=osi&th=1&psc=1"><img src="https://m.media-amazon.com/images/I/41dGghK+AoL._SL500_.jpg" alt="Product Image"></a><p>Dokotoo Men Mens Fashion Sweatshirts Fall Winter Clothes Long Sleeve Lightweight Thin Shirt Geometric Texture Dressy Crewneck Pullover Sweaters Brown X-Large</p><p> -11% 0FF </p><p>$19.99</p><a href="https://www.amazon.com/dp/B0CGZ7N7J4?tag=eloabder-20&linkCode=osi&th=1&psc=1">View Product</a></div><div class="product"><a href="https://www.amazon.com/dp/B0D4DG71YH?tag=eloabder-20&linkCode=osi&th=1&psc=1"><img src="https://m.media-amazon.com/images/I/41KS7EqUoGL._SL500_.jpg" alt="Product Image"></a><p>JMIERR Men Sweatshirts Front Collar Comfy Simple Plain Long Sleeve Drawstring Hoodies for Men with Pocket Pullover Casual Fashion Winter Autumn Shirt Big and Tall Sweater, US60(5XL), Khaki</p><p> -14% 0FF </p><p>$29.99</p><a href="https://www.amazon.com/dp/B0D4DG71YH?tag=eloabder-20&linkCode=osi&th=1&psc=1">View Product</a></div>

<div class="product"><a href="https://www.amazon.com/dp/B00ACIGNMY?tag=eloabder-20&linkCode=osi&th=1&psc=1"><img src="https://m.media-amazon.com/images/I/41Je9e62ioL._SL500_.jpg" alt="Product Image"></a><p>Hanes Mens Tagless Briefs, Soft Moisture Wicking Underwear, 7-pack Briefs-underwear, Gray/Black - 7 Pack, Large US</p><p> -43% 0FF </p><p>$24.00</p><a href="https://www.amazon.com/dp/B00ACIGNMY?tag=eloabder-20&linkCode=osi&th=1&psc=1">View Product</a></div><div class="product"><a href="https://www.amazon.com/dp/B00L6TPSHY?tag=eloabder-20&linkCode=osi&th=1&psc=1"><img src="https://m.media-amazon.com/images/I/41mJ+iLWkdL._SL500_.jpg" alt="Product Image"></a><p>Hanes Men's 6-Pack Tagless No Ride Up Briefs with ComfortSoft Waistband, Assorted, Medium</p><p> -10% 0FF </p><p>$17.98</p><a href="https://www.amazon.com/dp/B00L6TPSHY?tag=eloabder-20&linkCode=osi&th=1&psc=1">View Product</a></div><div class="product"><a href="https://www.amazon.com/dp/B07814714H?tag=eloabder-20&linkCode=osi&th=1&psc=1"><img src="https://m.media-amazon.com/images/I/416IVo-7aSL._SL500_.jpg" alt="Product Image"></a><p>Gildan Men's Underwear Covered Waistband Boxer Briefs, Multipack, Mixed Garnet (5-Pack), Large</p><p> -27% 0FF </p><p>$13.09</p><a href="https://www.amazon.com/dp/B07814714H?tag=eloabder-20&linkCode=osi&th=1&psc=1">View Product</a></div>
<div class="product"><a href="https://www.amazon.com/dp/B07FTGY1XR?tag=eloabder-20&linkCode=osi&th=1&psc=1"><img src="https://m.media-amazon.com/images/I/41yHcW15a8L._SL500_.jpg" alt="Product Image"></a><p>NORTIV 8 Men's Insulated Waterproof Construction Hiking Winter Snow Boots,Size 10.5,Black/1,TUNDRA</p><p> -10% 0FF </p><p>$43.19</p><a href="https://www.amazon.com/dp/B07FTGY1XR?tag=eloabder-20&linkCode=osi&th=1&psc=1">View Product</a></div>
<div class="product"><a href="https://www.amazon.com/dp/B0B2JCJ6ZD?tag=eloabder-20&linkCode=osi&th=1&psc=1"><img src="https://m.media-amazon.com/images/I/41VdGeYGPxL._SL500_.jpg" alt="Product Image"></a><p>Bruno Marc Men's Casual Dress Sneaker Shoes, Business Formal Derby Plain Toe Oxfords Crossflex GentEdge,Size 11,Brown,SBOX223M</p><p> -21% 0FF </p><p>$36.54</p><a href="https://www.amazon.com/dp/B0B2JCJ6ZD?tag=eloabder-20&linkCode=osi&th=1&psc=1">View Product</a></div><div class="product"><a href="https://www.amazon.com/dp/B06XC8ZR39?tag=eloabder-20&linkCode=osi&th=1&psc=1"><img src="https://m.media-amazon.com/images/I/41zZ6LIDM7L._SL500_.jpg" alt="Product Image"></a><p>Bruno Marc Men's Dress Oxford Shoes Classic Lace Up Formal Shoes,Size 10.5,Black,DOWNING-02</p><p> -29% 0FF </p><p>$39.99</p><a href="https://www.amazon.com/dp/B06XC8ZR39?tag=eloabder-20&linkCode=osi&th=1&psc=1">View Product</a></div><div class="product"><a href="https://www.amazon.com/dp/B00SMJO8S6?tag=eloabder-20&linkCode=osi&th=1&psc=1"><img src="https://m.media-amazon.com/images/I/315NtaJJD+L._SL500_.jpg" alt="Product Image"></a><p>Clarks Men's Tilden Cap Oxford, Black Leather, 10</p><p> -20% 0FF </p><p>$72.00</p><a href="https://www.amazon.com/dp/B00SMJO8S6?tag=eloabder-20&linkCode=osi&th=1&psc=1">View Product</a></div><div class="product"><a href="https://www.amazon.com/dp/B0D7P3YQ41?tag=eloabder-20&linkCode=osi&th=1&psc=1"><img src="https://m.media-amazon.com/images/I/41HxmcfcX2L._SL500_.jpg" alt="Product Image"></a><p>Bruno Marc Men's MaxFlex Dress Sneakers Oxfords Casual Wingtip Brogue Shoes,Size 11,All Black,SBOX2326M</p><p> -15% 0FF </p><p>$39.09</p><a href="https://www.amazon.com/dp/B0D7P3YQ41?tag=eloabder-20&linkCode=osi&th=1&psc=1">View Product</a></div><div class="product"><a href="https://www.amazon.com/dp/B0007TQ9PY?tag=eloabder-20&linkCode=osi&th=1&psc=1"><img src="https://m.media-amazon.com/images/I/31CtT3W-TML._SL500_.jpg" alt="Product Image"></a><p>Dockers Men’s Gordon Leather Oxford Dress Shoe,Black,10.5 M US</p><p> -47% 0FF </p><p>$45.38</p><a href="https://www.amazon.com/dp/B0007TQ9PY?tag=eloabder-20&linkCode=osi&th=1&psc=1">View Product</a></div><div class="product"><a href="https://www.amazon.com/dp/B0BNWBCKG8?tag=eloabder-20&linkCode=osi&th=1&psc=1"><img src="https://m.media-amazon.com/images/I/31pDIP6AqsL._SL500_.jpg" alt="Product Image"></a><p>Clarks Collection Men's Whiddon Cap Oxford, Mahogany Leather, 7.5 Medium US</p><p> -20% 0FF </p><p>$76.00</p><a href="https://www.amazon.com/dp/B0BNWBCKG8?tag=eloabder-20&linkCode=osi&th=1&psc=1">View Product</a></div><div class="product"><a href="https://www.amazon.com/dp/B01MQVSJVP?tag=eloabder-20&linkCode=osi&th=1&psc=1"><img src="https://m.media-amazon.com/images/I/41nrqB4TeJL._SL500_.jpg" alt="Product Image"></a><p>Cole Haan Men's 2.Zerogrand Laser Wingtip Oxford, British tan/Java, 12</p><p> -17% 0FF </p><p>$139.95</p><a href="https://www.amazon.com/dp/B01MQVSJVP?tag=eloabder-20&linkCode=osi&th=1&psc=1">View Product</a></div><div class="product"><a href="https://www.amazon.com/dp/B01KAU0GZ8?tag=eloabder-20&linkCode=osi&th=1&psc=1"><img src="https://m.media-amazon.com/images/I/415oCa6tRWL._SL500_.jpg" alt="Product Image"></a><p>Bruno Marc Men's Leather Lined Dress Oxfords Shoes,Size 10.5,Brown,PRINCE-16</p><p> -28% 0FF </p><p>$37.99</p><a href="https://www.amazon.com/dp/B01KAU0GZ8?tag=eloabder-20&linkCode=osi&th=1&psc=1">View Product</a></div><div class="product"><a href="https://www.amazon.com/dp/B07TS4PZG1?tag=eloabder-20&linkCode=osi&th=1&psc=1"><img src="https://m.media-amazon.com/images/I/31l3YUpsjbL._SL500_.jpg" alt="Product Image"></a><p>Dr. Scholl's Men's Sync Plain Toe Dress Casual Oxford, Dark Brown Fearless, 9.5 Wide US</p><p> -32% 0FF </p><p>$65.00</p><a href="https://www.amazon.com/dp/B07TS4PZG1?tag=eloabder-20&linkCode=osi&th=1&psc=1">View Product</a></div>
<div class="product"><a href="https://www.amazon.com/dp/B0716GJZ4F?tag=eloabder-20&linkCode=osi&th=1&psc=1"><img src="https://m.media-amazon.com/images/I/51o8iPeFUOL._SL500_.jpg" alt="Product Image"></a><p>Dockers Men's Newpage Sandal briar 10 W US</p><p> -51% 0FF </p><p>$34.48</p><a href="https://www.amazon.com/dp/B0716GJZ4F?tag=eloabder-20&linkCode=osi&th=1&psc=1">View Product</a></div><div class="product"><a href="https://www.amazon.com/dp/B09ZF3H6LN?tag=eloabder-20&linkCode=osi&th=1&psc=1"><img src="https://m.media-amazon.com/images/I/41EpoR9OprL._SL500_.jpg" alt="Product Image"></a><p>KuaiLu Men's Leather Flip Flops Arch Support Summer Beach Pool Water Thong Sandals Waterproof Rubber Walking Shoes Slip on Orthotic Casual Sport Cushioned Wide Slides Shower Slippers Brown Size 10.5</p><p> -25% 0FF </p><p>$14.99</p><a href="https://www.amazon.com/dp/B09ZF3H6LN?tag=eloabder-20&linkCode=osi&th=1&psc=1">View Product</a></div><div class="product"><a href="https://www.amazon.com/dp/B08R3GHLNH?tag=eloabder-20&linkCode=osi&th=1&psc=1"><img src="https://m.media-amazon.com/images/I/41VT1u9LgbL._SL500_.jpg" alt="Product Image"></a><p>FITORY Mens Sandals, Arch Support Slides with Adjustable Buckle Straps and Cork Footbed Brown Size 10</p><p> -45% 0FF </p><p>$27.54</p><a href="https://www.amazon.com/dp/B08R3GHLNH?tag=eloabder-20&linkCode=osi&th=1&psc=1">View Product</a></div><div class="product"><a href="https://www.amazon.com/dp/B07CZ54WT4?tag=eloabder-20&linkCode=osi&th=1&psc=1"><img src="https://m.media-amazon.com/images/I/31iUYzt74kL._SL500_.jpg" alt="Product Image"></a><p>Reef Cushion Phantom Men's Sandals Brown/tan - 11 Medium</p><p> -33% 0FF </p><p>$39.97</p><a href="https://www.amazon.com/dp/B07CZ54WT4?tag=eloabder-20&linkCode=osi&th=1&psc=1">View Product</a></div><div class="product"><a href="https://www.amazon.com/dp/B00ZUY6YZQ?tag=eloabder-20&linkCode=osi&th=1&psc=1"><img src="https://m.media-amazon.com/images/I/31G+uOysh5L._SL500_.jpg" alt="Product Image"></a><p>Reef Fanning Sandals - Men's, Black/Silver 12 M</p><p> -35% 0FF </p><p>$41.94</p><a href="https://www.amazon.com/dp/B00ZUY6YZQ?tag=eloabder-20&linkCode=osi&th=1&psc=1">View Product</a></div><div class="product"><a href="https://www.amazon.com/dp/B01M3RJ93F?tag=eloabder-20&linkCode=osi&th=1&psc=1"><img src="https://m.media-amazon.com/images/I/310dfFkW6rL._SL500_.jpg" alt="Product Image"></a><p>Dockers Men's Sunland Slide Sandal, Black, 10</p><p> -51% 0FF </p><p>$34.19</p><a href="https://www.amazon.com/dp/B01M3RJ93F?tag=eloabder-20&linkCode=osi&th=1&psc=1">View Product</a></div><div class="product"><a href="https://www.amazon.com/dp/B07X3FKWYS?tag=eloabder-20&linkCode=osi&th=1&psc=1"><img src="https://m.media-amazon.com/images/I/414ynAyoIjL._SL500_.jpg" alt="Product Image"></a><p>Jousen Men's Sandals Leather Open Toe Beach Sandal Dark Brown Outdoor Summer Sport Sandals (AMY662 Dark Brown 10)</p><p> -28% 0FF </p><p>$32.99</p><a href="https://www.amazon.com/dp/B07X3FKWYS?tag=eloabder-20&linkCode=osi&th=1&psc=1">View Product</a></div><div class="product"><a href="https://www.amazon.com/dp/B07BPZKSJZ?tag=eloabder-20&linkCode=osi&th=1&psc=1"><img src="https://m.media-amazon.com/images/I/51OgnHDzWTL._SL500_.jpg" alt="Product Image"></a><p>BINSHUN Sandals for Men Leather Hiking Sandals Athletic Walking Sports Fisherman Beach Shoes with Closed Toe</p><p> -10% 0FF </p><p>$29.87</p><a href="https://www.amazon.com/dp/B07BPZKSJZ?tag=eloabder-20&linkCode=osi&th=1&psc=1">View Product</a></div><div class="product"><a href="https://www.amazon.com/dp/B08YR1F8LQ?tag=eloabder-20&linkCode=osi&th=1&psc=1"><img src="https://m.media-amazon.com/images/I/41hSD6Adm1L._SL500_.jpg" alt="Product Image"></a><p>KuaiLu Mens Leather Sport Flip Flops Comfort Orthotic Thong Sandals with Plantar Fasciitis Arch Support for Outdoor Summer</p><p> -22% 0FF </p><p>$27.99</p><a href="https://www.amazon.com/dp/B08YR1F8LQ?tag=eloabder-20&linkCode=osi&th=1&psc=1">View Product</a></div>
<div class="product"><a href="https://www.amazon.com/dp/B09M3Z63QP?tag=eloabder-20&linkCode=osi&th=1&psc=1"><img src="https://m.media-amazon.com/images/I/51xLtsQ3QuL._SL500_.jpg" alt="Product Image"></a><p>RUNBOX Men's Wallets 15 Card Holder Slim Rfid Leather 2 ID Window With Gift Box Men's Accessories</p><p> -32% 0FF </p><p>$14.99</p><a href="https://www.amazon.com/dp/B09M3Z63QP?tag=eloabder-20&linkCode=osi&th=1&psc=1">View Product</a></div><div class="product"><a href="https://www.amazon.com/dp/B092VR48NK?tag=eloabder-20&linkCode=osi&th=1&psc=1"><img src="https://m.media-amazon.com/images/I/519fN7eFdjL._SL500_.jpg" alt="Product Image"></a><p>RUNBOX Novelty Wallet for Men Slim 11 Credit Card Holder Slots Leather RFID Blocking Small Thin Men's Wallet Bifold Minimalist Front Pocket Large Capacity Gift Box</p><p> -60% 0FF </p><p>$11.99</p><a href="https://www.amazon.com/dp/B092VR48NK?tag=eloabder-20&linkCode=osi&th=1&psc=1">View Product</a></div><div class="product"><a href="https://www.amazon.com/dp/B0FCFLBPRZ?tag=eloabder-20&linkCode=osi&th=1&psc=1"><img src="https://m.media-amazon.com/images/I/41H9+SOX03L._SL500_.jpg" alt="Product Image"></a><p>Wallet for Men, RFID Wallet with Money Clip & ID Window, Minimalist Pop Up Credit Card Case Holder 10-12 Cards, Bifold Slim Smart Wallet for Front Pocket, Compact Metal Wallets, Gifts for Men, Carbon</p><p> -49% 0FF </p><p>$18.99</p><a href="https://www.amazon.com/dp/B0FCFLBPRZ?tag=eloabder-20&linkCode=osi&th=1&psc=1">View Product</a></div>
<div class="product"><a href="https://www.amazon.com/dp/B0BW8Q72R5?tag=eloabder-20&linkCode=osi&th=1&psc=1"><img src="https://m.media-amazon.com/images/I/41XQ7S39MmL._SL500_.jpg" alt="Product Image"></a><p>CARITATE Black Beaded Bracelets for Men Boys - 6mm Obsidian Onyx Lava Beads Mens Bracelet Set Mens Jewelry - Cool Anniversary Valentines Fathers Birthday Gifts for Him Boyfriend Husband Man Son Dad</p><p> -20% 0FF </p><p>$11.19</p><a href="https://www.amazon.com/dp/B0BW8Q72R5?tag=eloabder-20&linkCode=osi&th=1&psc=1">View Product</a></div><div class="product"><a href="https://www.amazon.com/dp/B0D47HNYR7?tag=eloabder-20&linkCode=osi&th=1&psc=1"><img src="https://m.media-amazon.com/images/I/21p1U2mzHKL._SL500_.jpg" alt="Product Image"></a><p>YANCHUN Necklace for Men Stocking Stuffers Black Beaded Puka Shell Necklaces Chain Christmas Gifts for Men Jewelry Gift for Dad Son Husband Boyfriend</p><p> -17% 0FF </p><p>$9.99</p><a href="https://www.amazon.com/dp/B0D47HNYR7?tag=eloabder-20&linkCode=osi&th=1&psc=1">View Product</a></div>
<div class="product"><a href="https://www.amazon.com/dp/B0DRCKRXFY?tag=eloabder-20&linkCode=osi&th=1&psc=1"><img src="https://m.media-amazon.com/images/I/41uAEGF-aKL._SL500_.jpg" alt="Product Image"></a><p>Romass 4Pcs Cross Necklace for Men,Stainless Steel Chains for Men Layered Necklaces Silver Gold Black Pendant Jewelry Box Gifts 18-24 Inches (4Pcs 18in/20in, Silver+Black)</p><p> -17% 0FF </p><p>$9.99</p><a href="https://www.amazon.com/dp/B0DRCKRXFY?tag=eloabder-20&linkCode=osi&th=1&psc=1">View Product</a></div><div class="product"><a href="https://www.amazon.com/dp/B07MMTTSYZ?tag=eloabder-20&linkCode=osi&th=1&psc=1"><img src="https://m.media-amazon.com/images/I/41TaHHkYRzL._SL500_.jpg" alt="Product Image"></a><p>Jstyle Stainless Steel Pendant Necklace For Mens Cool Spearpoint Arrowhead Pendant Chain Necklace Set Black & Silver Tone</p><p> -5% 0FF </p><p>$17.99</p><a href="https://www.amazon.com/dp/B07MMTTSYZ?tag=eloabder-20&linkCode=osi&th=1&psc=1">View Product</a></div><div class="product"><a href="https://www.amazon.com/dp/B0B6SBGWD1?tag=eloabder-20&linkCode=osi&th=1&psc=1"><img src="https://m.media-amazon.com/images/I/412V9xmzp9L._SL500_.jpg" alt="Product Image"></a><p>Yooblue Cross Necklace for Men - Stainless Steel Cross Chain Necklace for Men, Mens Jewelry Cross Pendant Cross Necklace, Layered Silver Chain for Men</p><p> -38% 0FF </p><p>$9.99</p><a href="https://www.amazon.com/dp/B0B6SBGWD1?tag=eloabder-20&linkCode=osi&th=1&psc=1">View Product</a></div><div class="product"><a href="https://www.amazon.com/dp/B0F9NQFZ3B?tag=eloabder-20&linkCode=osi&th=1&psc=1"><img src="https://m.media-amazon.com/images/I/31GB2zqKPlL._SL500_.jpg" alt="Product Image"></a><p>OLARCU 3.5mm Mens Silver Stainless Steel Cuban Link Chain Necklace for Men (3.5mm-Silver, 20 Inches)</p><p> -25% 0FF </p><p>$11.28</p><a href="https://www.amazon.com/dp/B0F9NQFZ3B?tag=eloabder-20&linkCode=osi&th=1&psc=1">View Product</a></div>
<div class="product"><a href="https://www.amazon.com/dp/B06XWM86PP?tag=eloabder-20&linkCode=osi&th=1&psc=1"><img src="https://m.media-amazon.com/images/I/316Oy2Nf6WL._SL500_.jpg" alt="Product Image"></a><p>Amazon Essentials Men's Classic-Fit 9" Chino Shorts, Deep Blue, 31</p><p> -13% 0FF </p><p>$16.03</p><a href="https://www.amazon.com/dp/B06XWM86PP?tag=eloabder-20&linkCode=osi&th=1&psc=1">View Product</a></div><div class="product"><a href="https://www.amazon.com/dp/B0BHXHSFK9?tag=eloabder-20&linkCode=osi&th=1&psc=1"><img src="https://m.media-amazon.com/images/I/41aMCAVm+TL._SL500_.jpg" alt="Product Image"></a><p>Nike Men's Essential Micro Boxer 3 Pack Brief, Black/Grey/Blue, Medium</p><p> -8% 0FF </p><p>$36.38</p><a href="https://www.amazon.com/dp/B0BHXHSFK9?tag=eloabder-20&linkCode=osi&th=1&psc=1">View Product</a></div><div class="product"><a href="https://www.amazon.com/dp/B0CPQ998G1?tag=eloabder-20&linkCode=osi&th=1&psc=1"><img src="https://m.media-amazon.com/images/I/21Bx3WN1FBL._SL500_.jpg" alt="Product Image"></a><p>HEYDUDE Sirocco Alta M Essentials White/White Size 11, Men's Shoes, Casual Sneakers, Comfortable & Light-Weight</p><p> -38% 0FF </p><p>$49.39</p><a href="https://www.amazon.com/dp/B0CPQ998G1?tag=eloabder-20&linkCode=osi&th=1&psc=1">View Product</a></div><div class="product"><a href="https://www.amazon.com/dp/B08M81BY33?tag=eloabder-20&linkCode=osi&th=1&psc=1"><img src="https://m.media-amazon.com/images/I/31hJHjIF4jL._SL500_.jpg" alt="Product Image"></a><p>adidas Men's Essentials Warm-up 3-Stripes Track Top, Black/White, XX-Large</p><p> -27% 0FF </p><p>$39.99</p><a href="https://www.amazon.com/dp/B08M81BY33?tag=eloabder-20&linkCode=osi&th=1&psc=1">View Product</a></div><div class="product"><a href="https://www.amazon.com/dp/B08MKRSK99?tag=eloabder-20&linkCode=osi&th=1&psc=1"><img src="https://m.media-amazon.com/images/I/31LQExPPcpL._SL500_.jpg" alt="Product Image"></a><p>adidas mens Essentials Warm-up Slim Tapered 3-stripes Tracksuit Bottoms Pants, Black/White, X-Small US</p><p> -33% 0FF </p><p>$29.99</p><a href="https://www.amazon.com/dp/B08MKRSK99?tag=eloabder-20&linkCode=osi&th=1&psc=1">View Product</a></div><div class="product"><a href="https://www.amazon.com/dp/B0D28H1K7X?tag=eloabder-20&linkCode=osi&th=1&psc=1"><img src="https://m.media-amazon.com/images/I/31F0UxW8YHL._SL500_.jpg" alt="Product Image"></a><p>adidas Men's Essentials 3-Stripes Sportswear Windbreaker, White/Black, X-Large</p><p> -43% 0FF </p><p>$39.80</p><a href="https://www.amazon.com/dp/B0D28H1K7X?tag=eloabder-20&linkCode=osi&th=1&psc=1">View Product</a></div>
<div class="product"><a href="https://www.amazon.com/dp/B0D1QN41ZY?tag=eloabder-20&linkCode=osi&th=1&psc=1"><img src="https://m.media-amazon.com/images/I/41vgiZdQ1XL._SL500_.jpg" alt="Product Image"></a><p>LORENZO BRUNO Mens Suit 2 Piece Black Suits for Men One Button Slim Fit Solid Jacket & Pants Tuxedo Set Business Wedding Party, Black, L</p><p> -10% 0FF </p><p>$65.60</p><a href="https://www.amazon.com/dp/B0D1QN41ZY?tag=eloabder-20&linkCode=osi&th=1&psc=1">View Product</a></div><div class="product"><a href="https://www.amazon.com/dp/B0BHYM7PM9?tag=eloabder-20&linkCode=osi&th=1&psc=1"><img src="https://m.media-amazon.com/images/I/41RE-4MraWL._SL500_.jpg" alt="Product Image"></a><p>LUPURTY Suits for Men, 3 Piece Men's Suit Slim Fit, Solid Jacket Vest Pants with Tie, One Button Tuxedo Set for Business, Wedding, Navy Blue L</p><p> -19% 0FF </p><p>$80.98</p><a href="https://www.amazon.com/dp/B0BHYM7PM9?tag=eloabder-20&linkCode=osi&th=1&psc=1">View Product</a></div>

<div class="product"><a href="https://www.amazon.com/dp/B0FGXKHB97?tag=eloabder-20&linkCode=osi&th=1&psc=1"><img src="https://m.media-amazon.com/images/I/41z5hEb2IzL._SL500_.jpg" alt="Product Image"></a><p>COOFANDY Men's Dress Shirts Long Sleeve Formal Shirt Wrinkle Free Business Casual Button Down Shirt Dark Army Green</p><p> -15% 0FF </p><p>$22.99</p><a href="https://www.amazon.com/dp/B0FGXKHB97?tag=eloabder-20&linkCode=osi&th=1&psc=1">View Product</a></div><div class="product"><a href="https://www.amazon.com/dp/B01MQUFNEQ?tag=eloabder-20&linkCode=osi&th=1&psc=1"><img src="https://m.media-amazon.com/images/I/31M8QWTWz+L._SL500_.jpg" alt="Product Image"></a><p>Clarks Men's Tilden Cap Oxford Shoe Dark Tan Leather 7.5 M</p><p> -20% 0FF </p><p>$72.00</p><a href="https://www.amazon.com/dp/B01MQUFNEQ?tag=eloabder-20&linkCode=osi&th=1&psc=1">View Product</a></div><div class="product"><a href="https://www.amazon.com/dp/B0D8J4S61K?tag=eloabder-20&linkCode=osi&th=1&psc=1"><img src="https://m.media-amazon.com/images/I/41ftsU6TXPL._SL500_.jpg" alt="Product Image"></a><p>COOFANDY Suit Vest for Men Notch Lapel Dress Vests Slim Fit Formal Business Waistcoat, Pastel Gray, M</p><p> -28% 0FF </p><p>$24.99</p><a href="https://www.amazon.com/dp/B0D8J4S61K?tag=eloabder-20&linkCode=osi&th=1&psc=1">View Product</a></div>

<div class="product"><a href="https://www.amazon.com/dp/B09K8YYVWV?tag=eloabder-20&linkCode=osi&th=1&psc=1"><img src="https://m.media-amazon.com/images/I/4123dxF1ijL._SL500_.jpg" alt="Product Image"></a><p>Blue Buffalo Life Protection Formula Natural Adult Dry Dog Food, Chicken and Brown Rice 5-lb Trial Size Bag</p><p> -17% 0FF </p><p>$14.98 ($3.00 / lb)</p><a href="https://www.amazon.com/dp/B09K8YYVWV?tag=eloabder-20&linkCode=osi&th=1&psc=1">View Product</a></div><div class="product"><a href="https://www.amazon.com/dp/B0000AH3QT?tag=eloabder-20&linkCode=osi&th=1&psc=1"><img src="https://m.media-amazon.com/images/I/41FXHOzdCWL._SL500_.jpg" alt="Product Image"></a><p>Purina ONE Chicken and Rice Formula Dry Dog Food - 8 lb. Bag</p><p> -9% 0FF </p><p>$16.28 ($2.04 / lb)</p><a href="https://www.amazon.com/dp/B0000AH3QT?tag=eloabder-20&linkCode=osi&th=1&psc=1">View Product</a></div><div class="product"><a href="https://www.amazon.com/dp/B09K9FDLFN?tag=eloabder-20&linkCode=osi&th=1&psc=1"><img src="https://m.media-amazon.com/images/I/41fn4P3zY0L._SL500_.jpg" alt="Product Image"></a><p>Blue Buffalo Life Protection Formula Natural Adult Small Breed Dry Dog Food, Chicken and Brown Rice 5-lb Trial Size Bag</p><p> -13% 0FF </p><p>$17.48 ($3.50 / lb)</p><a href="https://www.amazon.com/dp/B09K9FDLFN?tag=eloabder-20&linkCode=osi&th=1&psc=1">View Product</a></div><div class="product"><a href="https://www.amazon.com/dp/B009IOCCD2?tag=eloabder-20&linkCode=osi&th=1&psc=1"><img src="https://m.media-amazon.com/images/I/41hzdgAAhmL._SL500_.jpg" alt="Product Image"></a><p>Purina ONE Dry Dog Food Lamb and Rice Formula - 31.1 lb. Bag</p><p> -17% 0FF </p><p>$48.98 ($1.57 / lb)</p><a href="https://www.amazon.com/dp/B009IOCCD2?tag=eloabder-20&linkCode=osi&th=1&psc=1">View Product</a></div><div class="product"><a href="https://www.amazon.com/dp/B06WGLV27L?tag=eloabder-20&linkCode=osi&th=1&psc=1"><img src="https://m.media-amazon.com/images/I/41+bgu7zfAL._SL500_.jpg" alt="Product Image"></a><p>Nutrish Dry Dog Food, Real Beef, Pea & Brown Rice Recipe Whole Health Blend for Adult Dogs, 40 lb. Bag, Packaging May Vary (Rachael Ray)</p><p> -26% 0FF </p><p>$43.99 ($1.10 / lb)</p><a href="https://www.amazon.com/dp/B06WGLV27L?tag=eloabder-20&linkCode=osi&th=1&psc=1">View Product</a></div><div class="product"><a href="https://www.amazon.com/dp/B0009YWKUA?tag=eloabder-20&linkCode=osi&th=1&psc=1"><img src="https://m.media-amazon.com/images/I/41gZ78TZzBL._SL500_.jpg" alt="Product Image"></a><p>Blue Buffalo Life Protection Formula Adult Dry Dog Food, Helps Build and Maintain Strong Muscles, Made with Natural Ingredients, Chicken & Brown Rice Recipe, 30-lb. Bag</p><p> -11% 0FF </p><p>$66.99 ($2.23 / lb)</p><a href="https://www.amazon.com/dp/B0009YWKUA?tag=eloabder-20&linkCode=osi&th=1&psc=1">View Product</a></div><div class="product"><a href="https://www.amazon.com/dp/B0009YUGAG?tag=eloabder-20&linkCode=osi&th=1&psc=1"><img src="https://m.media-amazon.com/images/I/41s0BUVfCbL._SL500_.jpg" alt="Product Image"></a><p>Blue Buffalo Life Protection Formula Adult Dry Dog Food, Helps Build and Maintain Strong Muscles, Made with Natural Ingredients, Chicken & Brown Rice Recipe, 15-lb. Bag</p><p> -15% 0FF </p><p>$37.98 ($2.53 / lb)</p><a href="https://www.amazon.com/dp/B0009YUGAG?tag=eloabder-20&linkCode=osi&th=1&psc=1">View Product</a></div>
<div class="product"><a href="https://www.amazon.com/dp/B0BFPJJTR9?tag=eloabder-20&linkCode=osi&th=1&psc=1"><img src="https://m.media-amazon.com/images/I/511o77BB+6L._SL500_.jpg" alt="Product Image"></a><p>Joytale Dog Leash for Large Dogs, Heavy Duty Nylon Leashes with Comfortable Padded Handle and Highly Reflective Threads, Ideal for Walking and Training, Black, 6'×1/2''</p><p> -10% 0FF </p><p>$7.19</p><a href="https://www.amazon.com/dp/B0BFPJJTR9?tag=eloabder-20&linkCode=osi&th=1&psc=1">View Product</a></div><div class="product"><a href="https://www.amazon.com/dp/B076F7HM8T?tag=eloabder-20&linkCode=osi&th=1&psc=1"><img src="https://m.media-amazon.com/images/I/41Qlfdjpa1L._SL500_.jpg" alt="Product Image"></a><p>TUG 360° Tangle-Free Retractable Dog Leash | 16 ft Strong Nylon Tape | One-Handed Brake, Pause, Lock (Medium, White)</p><p> -12% 0FF </p><p>$18.99</p><a href="https://www.amazon.com/dp/B076F7HM8T?tag=eloabder-20&linkCode=osi&th=1&psc=1">View Product</a></div><div class="product"><a href="https://www.amazon.com/dp/B095C8RXSH?tag=eloabder-20&linkCode=osi&th=1&psc=1"><img src="https://m.media-amazon.com/images/I/518Mz7ChiHL._SL500_.jpg" alt="Product Image"></a><p>Taglory Rope Dog Leash 6 FT with Comfortable Padded Handle, Highly Reflective Threads Leash for Medium Large Dogs, 1/2 inch, Hotpink</p><p> -36% 0FF </p><p>$9.99 ($9.99 / count)</p><a href="https://www.amazon.com/dp/B095C8RXSH?tag=eloabder-20&linkCode=osi&th=1&psc=1">View Product</a></div><div class="product"><a href="https://www.amazon.com/dp/B078SLM45M?tag=eloabder-20&linkCode=osi&th=1&psc=1"><img src="https://m.media-amazon.com/images/I/41cyg8ILTTL._SL500_.jpg" alt="Product Image"></a><p>TUG 360° Tangle-Free Retractable Dog Leash | 16 ft Strong Nylon Tape | One-Handed Brake, Pause, Lock (Large, White)</p><p> -14% 0FF </p><p>$21.99</p><a href="https://www.amazon.com/dp/B078SLM45M?tag=eloabder-20&linkCode=osi&th=1&psc=1">View Product</a></div>
<div class="product"><a href="https://www.amazon.com/dp/B0DGL4H82X?tag=eloabder-20&linkCode=osi&th=1&psc=1"><img src="https://m.media-amazon.com/images/I/51pDCCmAQNL._SL500_.jpg" alt="Product Image"></a><p>Halypet Cat Harness and Leash Set [MAX Safety 4th-Gen Upgrade] Escape Proof Adjustable Cat Leash Comfortable Soft Vest Easy to Wear Kitten Harness with Reflective Strip for Cats Walking, M Black</p><p> -28% 0FF </p><p>$10.79</p><a href="https://www.amazon.com/dp/B0DGL4H82X?tag=eloabder-20&linkCode=osi&th=1&psc=1">View Product</a></div><div class="product"><a href="https://www.amazon.com/dp/B000OGRDK0?tag=eloabder-20&linkCode=osi&th=1&psc=1"><img src="https://m.media-amazon.com/images/I/31tfSFnHwmL._SL500_.jpg" alt="Product Image"></a><p>PetSafe Nylon Leash - Chew-Resistant Cat & Dog Behavioral Training Leash - Compatible with Easy-Walk Harness - Traditional-Style Reliable Pet Lead with a Padded Hand Wrap - 3/8" x 6' - Black</p><p> -15% 0FF </p><p>$4.24</p><a href="https://www.amazon.com/dp/B000OGRDK0?tag=eloabder-20&linkCode=osi&th=1&psc=1">View Product</a></div><div class="product"><a href="https://www.amazon.com/dp/B0DGL21M78?tag=eloabder-20&linkCode=osi&th=1&psc=1"><img src="https://m.media-amazon.com/images/I/51pDCCmAQNL._SL500_.jpg" alt="Product Image"></a><p>Halypet Cat Harness and Leash Set - MAX Safety 4th-Gen Upgrade, Escape Proof, Adjustable, Comfortable Soft Vest, Easy to Wear Kitten Harness with Reflective Strip for Cats Walking - Small Black</p><p> -25% 0FF </p><p>$11.24</p><a href="https://www.amazon.com/dp/B0DGL21M78?tag=eloabder-20&linkCode=osi&th=1&psc=1">View Product</a></div>
<div class="product"><a href="https://www.amazon.com/dp/B08CCG96FR?tag=eloabder-20&linkCode=osi&th=1&psc=1"><img src="https://m.media-amazon.com/images/I/519rYYNcfDL._SL500_.jpg" alt="Product Image"></a><p>Best Pet Supplies Voyager Step-in Air Harness - All Weather Mesh, Reflective, No Pull Harness for Dogs, Cats - Secure with Hook & Loop Fastener, Buckle, Double D-Rings - Fuchsia, S</p><p> -39% 0FF </p><p>$9.07</p><a href="https://www.amazon.com/dp/B08CCG96FR?tag=eloabder-20&linkCode=osi&th=1&psc=1">View Product</a></div><div class="product"><a href="https://www.amazon.com/dp/B0F134YP3R?tag=eloabder-20&linkCode=osi&th=1&psc=1"><img src="https://m.media-amazon.com/images/I/41WVEg4wn7L._SL500_.jpg" alt="Product Image"></a><p>Bruvoalon Heavy-Duty Tactical Dog Harness for Large Dogs, No Pull Adjustable Reflective K9 Vest with Molle System, 12 Colors & 4 Sizes, Military-Grade Control for Training, Outdoor & 10+ Breeds</p><p> -24% 0FF </p><p>$15.19</p><a href="https://www.amazon.com/dp/B0F134YP3R?tag=eloabder-20&linkCode=osi&th=1&psc=1">View Product</a></div><div class="product"><a href="https://www.amazon.com/dp/B0DGXJWK9J?tag=eloabder-20&linkCode=osi&th=1&psc=1"><img src="https://m.media-amazon.com/images/I/51mncolU3aL._SL500_.jpg" alt="Product Image"></a><p>SlowTon No Pull Dog Harness - Heavy Duty Dog Harness and Leash Set for Medium Large Dogs, Reflective Tactical Harness with Soft Padded and Front Clip for Easy Walk and Training (Black L)</p><p> -13% 0FF </p><p>$19.99</p><a href="https://www.amazon.com/dp/B0DGXJWK9J?tag=eloabder-20&linkCode=osi&th=1&psc=1">View Product</a></div><div class="product"><a href="https://www.amazon.com/dp/B0DRJYND78?tag=eloabder-20&linkCode=osi&th=1&psc=1"><img src="https://m.media-amazon.com/images/I/41NZVoj8wjL._SL500_.jpg" alt="Product Image"></a><p>Wisedog Reflective No Pull Dog Harness - Adjustable Lightweight Pet Vest with 3 Fast-Release Buckles for Dogs Walking, Running and Training(M, Orange)</p><p> -50% 0FF </p><p>$5.59</p><a href="https://www.amazon.com/dp/B0DRJYND78?tag=eloabder-20&linkCode=osi&th=1&psc=1">View Product</a></div><div class="product"><a href="https://www.amazon.com/dp/B0FFV1QZVJ?tag=eloabder-20&linkCode=osi&th=1&psc=1"><img src="https://m.media-amazon.com/images/I/41BPzHU2wsL._SL500_.jpg" alt="Product Image"></a><p>PWOD No Pull Dog Harness with 2 Leash Clips, Reflective Adjustable Soft Padded Vest with Handle, Breathable Oxford No Choke Pet Vest for Large Dogs, Black,L</p><p> -30% 0FF </p><p>$13.99</p><a href="https://www.amazon.com/dp/B0FFV1QZVJ?tag=eloabder-20&linkCode=osi&th=1&psc=1">View Product</a></div><div class="product"><a href="https://www.amazon.com/dp/B0792XS9B1?tag=eloabder-20&linkCode=osi&th=1&psc=1"><img src="https://m.media-amazon.com/images/I/510eqOLi1TL._SL500_.jpg" alt="Product Image"></a><p>PoyPet No Pull Dog Harness, No Choke Front Lead Dog Reflective Harness, Adjustable Soft Padded Pet Vest with Easy Control Handle for Small to Large Dogs(Pink, Medium)</p><p> -11% 0FF </p><p>$11.99 ($11.99 / count)</p><a href="https://www.amazon.com/dp/B0792XS9B1?tag=eloabder-20&linkCode=osi&th=1&psc=1">View Product</a></div>
<div class="product"><a href="https://www.amazon.com/dp/B08CCGRW5D?tag=eloabder-20&linkCode=osi&th=1&psc=1"><img src="https://m.media-amazon.com/images/I/519rYYNcfDL._SL500_.jpg" alt="Product Image"></a><p>Best Pet Supplies Voyager Step-in Air Harness - All Weather Mesh, Reflective, No Pull Harness for Dogs, Cats - Secure with Hook & Loop Fastener, Buckle, Double D-Rings - Fuchsia, M</p><p> -13% 0FF </p><p>$12.99</p><a href="https://www.amazon.com/dp/B08CCGRW5D?tag=eloabder-20&linkCode=osi&th=1&psc=1">View Product</a></div>
<div class="product"><a href="https://www.amazon.com/dp/B005CUTWDE?tag=eloabder-20&linkCode=osi&th=1&psc=1"><img src="https://m.media-amazon.com/images/I/41j4IEfx6wL._SL500_.jpg" alt="Product Image"></a><p>Wahl USA Dry Skin & Itch Relief Pet Shampoo for Dogs – Oatmeal Formula with Coconut Lime Verbena Scent & Pet Friendly Formula, 24 Oz - Model 820004A</p><p> -10% 0FF </p><p>$8.97</p><a href="https://www.amazon.com/dp/B005CUTWDE?tag=eloabder-20&linkCode=osi&th=1&psc=1">View Product</a></div><div class="product"><a href="https://www.amazon.com/dp/B0791LY9MW?tag=eloabder-20&linkCode=osi&th=1&psc=1"><img src="https://m.media-amazon.com/images/I/510j7m4z+0L._SL500_.jpg" alt="Product Image"></a><p>PAWFUME Deshedding Dog Shampoo and Conditioner, Show Dog, 1-Pack – Nourish & Detangle for Silky Soft Coat – Probiotic, Deep-Cleaning, pH-Balanced Formula – Salon-Quality Shampoo for Dogs</p><p> -13% 0FF </p><p>$13.99 ($1.17 / fluid ounce)</p><a href="https://www.amazon.com/dp/B0791LY9MW?tag=eloabder-20&linkCode=osi&th=1&psc=1">View Product</a></div><div class="product"><a href="https://www.amazon.com/dp/B079T3KSYL?tag=eloabder-20&linkCode=osi&th=1&psc=1"><img src="https://m.media-amazon.com/images/I/411+lEo81xL._SL500_.jpg" alt="Product Image"></a><p>Wahl USA 4-in-1 Calming Pet Shampoo for Dogs with a Lavender Chamomile Scent – Cleans, Conditions, Detangles, & Moisturizes - Pet Friendly Formula – 64 Oz - Model 821000-050</p><p> -10% 0FF </p><p>$21.53 ($0.34 / fluid ounce)</p><a href="https://www.amazon.com/dp/B079T3KSYL?tag=eloabder-20&linkCode=osi&th=1&psc=1">View Product</a></div><div class="product"><a href="https://www.amazon.com/dp/B079T44C3J?tag=eloabder-20&linkCode=osi&th=1&psc=1"><img src="https://m.media-amazon.com/images/I/41aKOigtAPL._SL500_.jpg" alt="Product Image"></a><p>Wahl USA Dry Skin & Itch Relief Pet Shampoo for Dogs – Oatmeal Formula with Coconut Lime Verbena Scent - 64 Oz - Model 821004-050</p><p> -18% 0FF </p><p>$16.48</p><a href="https://www.amazon.com/dp/B079T44C3J?tag=eloabder-20&linkCode=osi&th=1&psc=1">View Product</a></div><div class="product"><a href="https://www.amazon.com/dp/B0DF3W6L1Y?tag=eloabder-20&linkCode=osi&th=1&psc=1"><img src="https://m.media-amazon.com/images/I/314vZFKBT5L._SL500_.jpg" alt="Product Image"></a><p>MRS. MEYER'S Clean Day 3 in 1 Dog Shampoo, Sweet Chamomile Scent, 14oz</p><p> -25% 0FF </p><p>$13.54 ($0.97 / fluid ounce)</p><a href="https://www.amazon.com/dp/B0DF3W6L1Y?tag=eloabder-20&linkCode=osi&th=1&psc=1">View Product</a></div><div class="product"><a href="https://www.amazon.com/dp/B0DF3S2ZFQ?tag=eloabder-20&linkCode=osi&th=1&psc=1"><img src="https://m.media-amazon.com/images/I/31a6kZ5IHLL._SL500_.jpg" alt="Product Image"></a><p>MRS. MEYER'S Clean Day 3 in 1 Dog Shampoo, White Peach Scent, 14oz</p><p> -36% 0FF </p><p>$11.59 ($0.83 / fluid ounce)</p><a href="https://www.amazon.com/dp/B0DF3S2ZFQ?tag=eloabder-20&linkCode=osi&th=1&psc=1">View Product</a></div>
<div class="product"><a href="https://www.amazon.com/dp/B0002J1FOE?tag=eloabder-20&linkCode=osi&th=1&psc=1"><img src="https://m.media-amazon.com/images/I/41MQpL7i06L._SL500_.jpg" alt="Product Image"></a><p>FRONTLINE Plus Flea and Tick Treatment for Large Dogs Up to 45 to 88 lbs. 3 Treatments</p><p> -22% 0FF </p><p>$34.98 ($11.66 / count)</p><a href="https://www.amazon.com/dp/B0002J1FOE?tag=eloabder-20&linkCode=osi&th=1&psc=1">View Product</a></div><div class="product"><a href="https://www.amazon.com/dp/B0002J1F76?tag=eloabder-20&linkCode=osi&th=1&psc=1"><img src="https://m.media-amazon.com/images/I/41dCAf46o0L._SL500_.jpg" alt="Product Image"></a><p>FRONTLINE Plus Flea and Tick Treatment for Cats Over 1.5 lbs. 3 Treatments</p><p> -11% 0FF </p><p>$39.98 ($783.92 / fluid ounce)</p><a href="https://www.amazon.com/dp/B0002J1F76?tag=eloabder-20&linkCode=osi&th=1&psc=1">View Product</a></div><div class="product"><a href="https://www.amazon.com/dp/B0F2HPNQ1W?tag=eloabder-20&linkCode=osi&th=1&psc=1"><img src="https://m.media-amazon.com/images/I/51DP4EE9hiL._SL500_.jpg" alt="Product Image"></a><p>Chewable Flea and Tick Prevention for Dogs - 120 Soft Chews Made in USA - Oral Flea and Tick Control Pills for Small, Medium, Large Dogs and Puppies - Skin and Coat Supplement Treats for All Breeds</p><p> -29% 0FF </p><p>$19.99 ($0.17 / count)</p><a href="https://www.amazon.com/dp/B0F2HPNQ1W?tag=eloabder-20&linkCode=osi&th=1&psc=1">View Product</a></div><div class="product"><a href="https://www.amazon.com/dp/B0002J1FN0?tag=eloabder-20&linkCode=osi&th=1&psc=1"><img src="https://m.media-amazon.com/images/I/41Ife-kF7uL._SL500_.jpg" alt="Product Image"></a><p>FRONTLINE Plus Flea and Tick Treatment for Medium Dogs Up to 23 to 44 lbs. 3 Treatments</p><p> -11% 0FF </p><p>$39.98 ($13.33 / count)</p><a href="https://www.amazon.com/dp/B0002J1FN0?tag=eloabder-20&linkCode=osi&th=1&psc=1">View Product</a></div><div class="product"><a href="https://www.amazon.com/dp/B00WWP1MIK?tag=eloabder-20&linkCode=osi&th=1&psc=1"><img src="https://m.media-amazon.com/images/I/513P0basXRL._SL500_.jpg" alt="Product Image"></a><p>PetArmor Plus Flea and Tick Prevention for Dogs, Large Dog Flea and Tick Treatment, 3 Doses, Waterproof Topical, Fast Acting (45-88 lbs)</p><p> -37% 0FF </p><p>$18.30 ($6.10 / count)</p><a href="https://www.amazon.com/dp/B00WWP1MIK?tag=eloabder-20&linkCode=osi&th=1&psc=1">View Product</a></div>
<div class="product"><a href="https://www.amazon.com/dp/B0009X29WK?tag=eloabder-20&linkCode=osi&th=1&psc=1"><img src="https://m.media-amazon.com/images/I/51aLRVazcoL._SL500_.jpg" alt="Product Image"></a><p>Dr. Elsey's Ultra UnScented Clumping Clay Cat Litter 40 lb. Bag</p><p> -13% 0FF </p><p>$20.99 ($0.03 / fluid ounce)</p><a href="https://www.amazon.com/dp/B0009X29WK?tag=eloabder-20&linkCode=osi&th=1&psc=1">View Product</a></div><div class="product"><a href="https://www.amazon.com/dp/B089LLHMQL?tag=eloabder-20&linkCode=osi&th=1&psc=1"><img src="https://m.media-amazon.com/images/I/51WhnzWdn4L._SL500_.jpg" alt="Product Image"></a><p>ARM & HAMMER Clump & Seal SLIDE Platinum Multi-Cat Clumping Cat Litter, 14-Day Odor Control, EZ Clean Technology, 18 lbs – No Scrubbing, Powerful Odor Eliminator</p><p> -5% 0FF </p><p>$17.99 ($0.06 / fluid ounce)</p><a href="https://www.amazon.com/dp/B089LLHMQL?tag=eloabder-20&linkCode=osi&th=1&psc=1">View Product</a></div><div class="product"><a href="https://www.amazon.com/dp/B0D1LK2G5C?tag=eloabder-20&linkCode=osi&th=1&psc=1"><img src="https://m.media-amazon.com/images/I/41AT3luVpaL._SL500_.jpg" alt="Product Image"></a><p>Cat's Pride New Antibacterial Cat Litter: Destroys 99.9% of Odor-Causing Bacteria - Powerful Odor Control - Premium Lightweight Clumping Litter - Scented, 12 Pounds</p><p> -5% 0FF </p><p>$9.48 ($0.79 / pound)</p><a href="https://www.amazon.com/dp/B0D1LK2G5C?tag=eloabder-20&linkCode=osi&th=1&psc=1">View Product</a></div><div class="product"><a href="https://www.amazon.com/dp/B0DJDNXZYF?tag=eloabder-20&linkCode=osi&th=1&psc=1"><img src="https://m.media-amazon.com/images/I/51GV-bHkChL._SL500_.jpg" alt="Product Image"></a><p>Fresh Step Clumping Cat Litter, Heavy Duty Advanced, Long Lasting 30-Day Odor Control with Odor Eliminating Carbon, 17.5 lb</p><p> -8% 0FF </p><p>$16.80 ($0.96 / pound)</p><a href="https://www.amazon.com/dp/B0DJDNXZYF?tag=eloabder-20&linkCode=osi&th=1&psc=1">View Product</a></div>
<div class="product"><a href="https://www.amazon.com/dp/B0DCNNN5FC?tag=eloabder-20&linkCode=osi&th=1&psc=1"><img src="https://m.media-amazon.com/images/I/51LR5ZHaD4L._SL500_.jpg" alt="Product Image"></a><p>Frienhund Automatic Cat Feeder with 2K Camera: 5G WiFi Automatic Dog Feeder with Night Vision,Cat Food Dispenser with 7L Large Food Storage Container for Multiple Pet,Detachable for Easy Clean -29 Cup</p><p> -17% 0FF </p><p>$57.99</p><a href="https://www.amazon.com/dp/B0DCNNN5FC?tag=eloabder-20&linkCode=osi&th=1&psc=1">View Product</a></div><div class="product"><a href="https://www.amazon.com/dp/B09LD2CD1L?tag=eloabder-20&linkCode=osi&th=1&psc=1"><img src="https://m.media-amazon.com/images/I/31FCol5w8TL._SL500_.jpg" alt="Product Image"></a><p>VOLUAS Automatic Cat Feeders - Timed Pet Feeder for Cats and Dogs with Dry Food Dispenser, Desiccant Bag, Programmable Portion Control, 4 Daily Meals, 10s Voice Recorder</p><p> -27% 0FF </p><p>$39.98</p><a href="https://www.amazon.com/dp/B09LD2CD1L?tag=eloabder-20&linkCode=osi&th=1&psc=1">View Product</a></div><div class="product"><a href="https://www.amazon.com/dp/B0DT47H4JJ?tag=eloabder-20&linkCode=osi&th=1&psc=1"><img src="https://m.media-amazon.com/images/I/41sK3MB5zTL._SL500_.jpg" alt="Product Image"></a><p>Frienhund Automatic Cat Feeder 2 Cats with Slow Feed: Dual Automatic Dog Feeder with 5G WiFi, Cat Food Dispenser with APP Control for Multiple Pets, Detachable for Easy Clean, Double Pet Bowl - 29 Cup</p><p> -19% 0FF </p><p>$56.98</p><a href="https://www.amazon.com/dp/B0DT47H4JJ?tag=eloabder-20&linkCode=osi&th=1&psc=1">View Product</a></div><div class="product"><a href="https://www.amazon.com/dp/B0F9WLTTLC?tag=eloabder-20&linkCode=osi&th=1&psc=1"><img src="https://m.media-amazon.com/images/I/41oqhTdVBgL._SL500_.jpg" alt="Product Image"></a><p>HoneyGuaridan Automatic Cat Feeder for Two Cats, 5G WiFi Smart Feed Pet Feeder with Stainless Steel Bowl,APP Control Dispenser, Dual Power Supply,Desiccant Bag,10s Meal Call Black</p><p> -20% 0FF </p><p>$55.99</p><a href="https://www.amazon.com/dp/B0F9WLTTLC?tag=eloabder-20&linkCode=osi&th=1&psc=1">View Product</a></div><div class="product"><a href="https://www.amazon.com/dp/B09S8WMJY9?tag=eloabder-20&linkCode=osi&th=1&psc=1"><img src="https://m.media-amazon.com/images/I/41BhIBNEoGL._SL500_.jpg" alt="Product Image"></a><p>PETLIBRO Automatic Cat Feeder, 5G WiFi Automatic Dog Food Dispenser with Freshness Preservation, 5L Timed Pet Feeder with Low Food Sensor, Up to 10 Meals Per Day, Granary Black</p><p> -10% 0FF </p><p>$89.99</p><a href="https://www.amazon.com/dp/B09S8WMJY9?tag=eloabder-20&linkCode=osi&th=1&psc=1">View Product</a></div><div class="product"><a href="https://www.amazon.com/dp/B0DQLJJ5XT?tag=eloabder-20&linkCode=osi&th=1&psc=1"><img src="https://m.media-amazon.com/images/I/31AWcXWoThL._SL500_.jpg" alt="Product Image"></a><p>Dual Automatic Cat Feeder 2 Cats,6 Meals/Day,12 Portions/Meal,4.2L Dual Power Double Bowls Feeder,Dry Food Auto Pet Dispenser,10S Voice Record,Flexible Schedule Timer (Black,Stainless Dual Bowls)</p><p> -40% 0FF </p><p>$29.99</p><a href="https://www.amazon.com/dp/B0DQLJJ5XT?tag=eloabder-20&linkCode=osi&th=1&psc=1">View Product</a></div>

<div class="product"><a href="https://www.amazon.com/dp/B07CYW78JY?tag=eloabder-20&linkCode=osi&th=1&psc=1"><img src="https://m.media-amazon.com/images/I/31PZUfPmUVL._SL500_.jpg" alt="Product Image"></a><p>California Costumes, King of The Jungle - Lion, Dog Costume Large</p><p> -39% 0FF </p><p>$15.27</p><a href="https://www.amazon.com/dp/B07CYW78JY?tag=eloabder-20&linkCode=osi&th=1&psc=1">View Product</a></div>
<div class="product"><a href="https://www.amazon.com/dp/B0DGL9BSWS?tag=eloabder-20&linkCode=osi&th=1&psc=1"><img src="https://m.media-amazon.com/images/I/51IZBwrejKL._SL500_.jpg" alt="Product Image"></a><p>Halypet Cat Harness and Leash Set [MAX Safety 4th-Gen Upgrade] Escape Proof Adjustable Cat Leash Comfortable Soft Vest Easy to Wear Kitten Harness with Reflective Strip for Cats Walking, XS Green</p><p> -20% 0FF </p><p>$13.59</p><a href="https://www.amazon.com/dp/B0DGL9BSWS?tag=eloabder-20&linkCode=osi&th=1&psc=1">View Product</a></div><div class="product"><a href="https://www.amazon.com/dp/B0F1TCFL1Q?tag=eloabder-20&linkCode=osi&th=1&psc=1"><img src="https://m.media-amazon.com/images/I/411MNyyz+3L._SL500_.jpg" alt="Product Image"></a><p>rabbitgoo Small Dog Harness, Step-in Soft Mesh Puppy Vest, Easy Walk with Safety Buckle, Breathable Reflective Pet Harness for Small Sized Dogs</p><p> -8% 0FF </p><p>$30.38</p><a href="https://www.amazon.com/dp/B0F1TCFL1Q?tag=eloabder-20&linkCode=osi&th=1&psc=1">View Product</a></div><div class="product"><a href="https://www.amazon.com/dp/B0F2LZ4Y9T?tag=eloabder-20&linkCode=osi&th=1&psc=1"><img src="https://m.media-amazon.com/images/I/413rLsz8xML._SL500_.jpg" alt="Product Image"></a><p>rabbitgoo Small Dog Harness, Step-in Soft Mesh Puppy Vest, Easy Walk with Safety Buckle, Breathable Reflective Pet Harness for Small Sized Dogs</p><p> -8% 0FF </p><p>$30.38</p><a href="https://www.amazon.com/dp/B0F2LZ4Y9T?tag=eloabder-20&linkCode=osi&th=1&psc=1">View Product</a></div>
<div class="product"><a href="https://www.amazon.com/dp/B0FG7XVF8Z?tag=eloabder-20&linkCode=osi&th=1&psc=1"><img src="https://m.media-amazon.com/images/I/41gaO1jHclL._SL500_.jpg" alt="Product Image"></a><p>Dog Tracker-GPS Dog Collar-GPS Tracker for Dogs-Pet Tracker for Dogs | Android and iOS Universal | No Monthly Fee | Waterproof | Works with Any Collar</p><p> -33% 0FF </p><p>$19.99</p><a href="https://www.amazon.com/dp/B0FG7XVF8Z?tag=eloabder-20&linkCode=osi&th=1&psc=1">View Product</a></div><div class="product"><a href="https://www.amazon.com/dp/B0FHHYX4G5?tag=eloabder-20&linkCode=osi&th=1&psc=1"><img src="https://m.media-amazon.com/images/I/41UoHeHXd9L._SL500_.jpg" alt="Product Image"></a><p>New Fi Series 3+ Smart Dog Collar - GPS Dog Tracker and Activity & New Fitness Monitor, Waterproof, LED Light, Escape Alerts, Nationwide Coverage [Free 6 Month Membership] (Pink, Medium)</p><p> -17% 0FF </p><p>$99.00</p><a href="https://www.amazon.com/dp/B0FHHYX4G5?tag=eloabder-20&linkCode=osi&th=1&psc=1">View Product</a></div>
<div class="product"><a href="https://www.amazon.com/dp/B0FJLF7L44?tag=eloabder-20&linkCode=osi&th=1&psc=1"><img src="https://m.media-amazon.com/images/I/41JOzyGDA3L._SL500_.jpg" alt="Product Image"></a><p>INVENHO Heated Cat Beds for Indoor Cats and Small Dogs, 20" Cozy Donut Heated Pet Bed with Timer & Temp Adjustable, Removable Waterproof Electric Warming Bed for Indoor Cat</p><p> -33% 0FF </p><p>$39.98</p><a href="https://www.amazon.com/dp/B0FJLF7L44?tag=eloabder-20&linkCode=osi&th=1&psc=1">View Product</a></div><div class="product"><a href="https://www.amazon.com/dp/B0FG7R1MF1?tag=eloabder-20&linkCode=osi&th=1&psc=1"><img src="https://m.media-amazon.com/images/I/414NBIuEnUL._SL500_.jpg" alt="Product Image"></a><p>Large Pet Heating Pad, Waterproof Heated Dog Cat Bed with 11 Adjustable Temperatures & 24H Timer, Auto Shut-Off, Chew-Resistant Cord, Washable Cover, Indoor Electric Heating Mat, Grey, L(35" x 24")</p><p> -33% 0FF </p><p>$39.98</p><a href="https://www.amazon.com/dp/B0FG7R1MF1?tag=eloabder-20&linkCode=osi&th=1&psc=1">View Product</a></div><div class="product"><a href="https://www.amazon.com/dp/B0FJ297BWH?tag=eloabder-20&linkCode=osi&th=1&psc=1"><img src="https://m.media-amazon.com/images/I/416TrAZ1CcL._SL500_.jpg" alt="Product Image"></a><p>Toove Heated Cat Bed Indoor - 20" Heating Donut Pet Bed for Cats and Small Dogs, Ultra Soft & Cozy Sleeping Cat Beds, Machine Washable, Waterproof & Safe Warming with Timer and Temperature Control</p><p> -40% 0FF </p><p>$35.98</p><a href="https://www.amazon.com/dp/B0FJ297BWH?tag=eloabder-20&linkCode=osi&th=1&psc=1">View Product</a></div><div class="product"><a href="https://www.amazon.com/dp/B07PH45YCD?tag=eloabder-20&linkCode=osi&th=1&psc=1"><img src="https://m.media-amazon.com/images/I/31PZB9TikkL._SL500_.jpg" alt="Product Image"></a><p>K&H Pet Products Lectro-Soft Orthopedic Outdoor Heated Dog and Cat Bed for Medium Dogs or Big Cats, Soft/Flexible Safety Listed Warming Pad, Waterproof, Washable Cover - Medium 24 X 19in Tan 40W</p><p> -5% 0FF </p><p>$75.62</p><a href="https://www.amazon.com/dp/B07PH45YCD?tag=eloabder-20&linkCode=osi&th=1&psc=1">View Product</a></div><div class="product"><a href="https://www.amazon.com/dp/B0B683451C?tag=eloabder-20&linkCode=osi&th=1&psc=1"><img src="https://m.media-amazon.com/images/I/41t4oZVH4FL._SL500_.jpg" alt="Product Image"></a><p>INVENHO Heated Cat Bed, Waterproof Adjustable Temperature Dog Cat Heating Pad with Timer, Indoor Pet Heating Pad for Cats Dogs Electric Pads for Dogs Cats, Pet Heated Pad (S: 18" x 16")</p><p> -30% 0FF </p><p>$27.98</p><a href="https://www.amazon.com/dp/B0B683451C?tag=eloabder-20&linkCode=osi&th=1&psc=1">View Product</a></div>
<div class="product"><a href="https://www.amazon.com/dp/B0C85D9LT3?tag=eloabder-20&linkCode=osi&th=1&psc=1"><img src="https://m.media-amazon.com/images/I/418DOElHohL._SL500_.jpg" alt="Product Image"></a><p>MoNiBloom Foldable Pet Stroller with Weather Cover, 3 Wheels Pet Strolling Cart for Small/Medium Dogs and Cats with Storage Basket and Cup Holder, Breathable and Visible Mesh for All-Season, Black</p><p> -34% 0FF </p><p>$46.54</p><a href="https://www.amazon.com/dp/B0C85D9LT3?tag=eloabder-20&linkCode=osi&th=1&psc=1">View Product</a></div><div class="product"><a href="https://www.amazon.com/dp/B0C85D7H92?tag=eloabder-20&linkCode=osi&th=1&psc=1"><img src="https://m.media-amazon.com/images/I/41wgVSYG8ML._SL500_.jpg" alt="Product Image"></a><p>MoNiBloom 3 Wheels Pet Stroller, Foldable Dog Cat Cage Jogger Stroller with Weather Cover for All-Season, Storage Basket and Cup Holder, Breathable and Visible Mesh for Small/Medium Pets, Blue</p><p> -23% 0FF </p><p>$53.99</p><a href="https://www.amazon.com/dp/B0C85D7H92?tag=eloabder-20&linkCode=osi&th=1&psc=1">View Product</a></div><div class="product"><a href="https://www.amazon.com/dp/B00SGMIKF6?tag=eloabder-20&linkCode=osi&th=1&psc=1"><img src="https://m.media-amazon.com/images/I/41lNHFLM4lL._SL500_.jpg" alt="Product Image"></a><p>BestPet | 3-Wheel Pet Stroller | Dog and Cat Stroller | Breathable Mesh | Lightweight Travel Carrier | Waterproof & Foldable Design | Storage Basket | Black | for Daily Walks & Outdoor Use</p><p> -25% 0FF </p><p>$44.99</p><a href="https://www.amazon.com/dp/B00SGMIKF6?tag=eloabder-20&linkCode=osi&th=1&psc=1">View Product</a></div><div class="product"><a href="https://www.amazon.com/dp/B0DBPS43RH?tag=eloabder-20&linkCode=osi&th=1&psc=1"><img src="https://m.media-amazon.com/images/I/41617xgqkgL._SL500_.jpg" alt="Product Image"></a><p>MoNiBloom 3 Wheels Pet Dog Cat Stroller for Small Medium Dogs and Cats, Lightweight Foldable Jogger Stroller w/Storage Basket and Cup Holder, Gray</p><p> -22% 0FF </p><p>$56.98</p><a href="https://www.amazon.com/dp/B0DBPS43RH?tag=eloabder-20&linkCode=osi&th=1&psc=1">View Product</a></div>
<div class="product"><a href="https://www.amazon.com/dp/B0F83V87M6?tag=eloabder-20&linkCode=osi&th=1&psc=1"><img src="https://m.media-amazon.com/images/I/515z4HsNRrL._SL500_.jpg" alt="Product Image"></a><p>HBTower 63" Long & 17.3" Wide Folding Dog Ramp for Car, SUV & Truck – Portable Pet Ramp with Non-Slip Surface, Extra Wide Steps for Large Dogs Up to 250LBS</p><p> -20% 0FF </p><p>$67.99</p><a href="https://www.amazon.com/dp/B0F83V87M6?tag=eloabder-20&linkCode=osi&th=1&psc=1">View Product</a></div><div class="product"><a href="https://www.amazon.com/dp/B0DJLKLX6B?tag=eloabder-20&linkCode=osi&th=1&psc=1"><img src="https://m.media-amazon.com/images/I/518SIf-V0EL._SL500_.jpg" alt="Product Image"></a><p>Dog Ramp for Car 𝟕𝟏”𝐱𝟐𝟎” Large Folding Pet Stair Ramps for Truck, SUV, with Non-Slip Surface, Up to 250LBS, Outdoor Dog Car Ramp for Medium & Large Dogs, Portable Pet Steps</p><p> -5% 0FF </p><p>$123.99</p><a href="https://www.amazon.com/dp/B0DJLKLX6B?tag=eloabder-20&linkCode=osi&th=1&psc=1">View Product</a></div><div class="product"><a href="https://www.amazon.com/dp/B0016HPTFW?tag=eloabder-20&linkCode=osi&th=1&psc=1"><img src="https://m.media-amazon.com/images/I/311yqmsWpbL._SL500_.jpg" alt="Product Image"></a><p>PetSafe Happy Ride Compact Telescoping Dog Ramp - Portable Pet Ramp for Cars, Trucks & SUVs with Adjustable Sizing - Non-Slip Design - Lightweight Pet Mobility Assistance - Extra Long</p><p> -15% 0FF </p><p>$169.95</p><a href="https://www.amazon.com/dp/B0016HPTFW?tag=eloabder-20&linkCode=osi&th=1&psc=1">View Product</a></div><div class="product"><a href="https://www.amazon.com/dp/B0F13FY1S9?tag=eloabder-20&linkCode=osi&th=1&psc=1"><img src="https://m.media-amazon.com/images/I/51ZMQIHvq8L._SL500_.jpg" alt="Product Image"></a><p>Dog Ramps for Stairs, Wooden Pet Ramp Stairs for Small Medium Dogs, Non-Slip Dog Pet Steps for Any Staircase, Stair Ramp for Injured Dogs with Anti-Slip Strip, 4 Pack</p><p> -14% 0FF </p><p>$75.99</p><a href="https://www.amazon.com/dp/B0F13FY1S9?tag=eloabder-20&linkCode=osi&th=1&psc=1">View Product</a></div>

<div class="product"><a href="https://www.amazon.com/dp/B0CGZ7N7J4?tag=eloabder-20&linkCode=osi&th=1&psc=1"><img src="https://m.media-amazon.com/images/I/41dGghK+AoL._SL500_.jpg" alt="Product Image"></a><p>Dokotoo Men Mens Fashion Sweatshirts Fall Winter Clothes Long Sleeve Lightweight Thin Shirt Geometric Texture Dressy Crewneck Pullover Sweaters Brown X-Large</p><p> -11% 0FF </p><p>$19.99</p><a href="https://www.amazon.com/dp/B0CGZ7N7J4?tag=eloabder-20&linkCode=osi&th=1&psc=1">View Product</a></div><div class="product"><a href="https://www.amazon.com/dp/B0D4DG71YH?tag=eloabder-20&linkCode=osi&th=1&psc=1"><img src="https://m.media-amazon.com/images/I/41KS7EqUoGL._SL500_.jpg" alt="Product Image"></a><p>JMIERR Men Sweatshirts Front Collar Comfy Simple Plain Long Sleeve Drawstring Hoodies for Men with Pocket Pullover Casual Fashion Winter Autumn Shirt Big and Tall Sweater, US60(5XL), Khaki</p><p> -14% 0FF </p><p>$29.99</p><a href="https://www.amazon.com/dp/B0D4DG71YH?tag=eloabder-20&linkCode=osi&th=1&psc=1">View Product</a></div>

<div class="product"><a href="https://www.amazon.com/dp/B00ACIGNMY?tag=eloabder-20&linkCode=osi&th=1&psc=1"><img src="https://m.media-amazon.com/images/I/41Je9e62ioL._SL500_.jpg" alt="Product Image"></a><p>Hanes Mens Tagless Briefs, Soft Moisture Wicking Underwear, 7-pack Briefs-underwear, Gray/Black - 7 Pack, Large US</p><p> -43% 0FF </p><p>$24.00</p><a href="https://www.amazon.com/dp/B00ACIGNMY?tag=eloabder-20&linkCode=osi&th=1&psc=1">View Product</a></div><div class="product"><a href="https://www.amazon.com/dp/B00L6TPSHY?tag=eloabder-20&linkCode=osi&th=1&psc=1"><img src="https://m.media-amazon.com/images/I/41mJ+iLWkdL._SL500_.jpg" alt="Product Image"></a><p>Hanes Men's 6-Pack Tagless No Ride Up Briefs with ComfortSoft Waistband, Assorted, Medium</p><p> -10% 0FF </p><p>$17.98</p><a href="https://www.amazon.com/dp/B00L6TPSHY?tag=eloabder-20&linkCode=osi&th=1&psc=1">View Product</a></div><div class="product"><a href="https://www.amazon.com/dp/B07814714H?tag=eloabder-20&linkCode=osi&th=1&psc=1"><img src="https://m.media-amazon.com/images/I/416IVo-7aSL._SL500_.jpg" alt="Product Image"></a><p>Gildan Men's Underwear Covered Waistband Boxer Briefs, Multipack, Mixed Garnet (5-Pack), Large</p><p> -27% 0FF </p><p>$13.09</p><a href="https://www.amazon.com/dp/B07814714H?tag=eloabder-20&linkCode=osi&th=1&psc=1">View Product</a></div>
<div class="product"><a href="https://www.amazon.com/dp/B07FTGY1XR?tag=eloabder-20&linkCode=osi&th=1&psc=1"><img src="https://m.media-amazon.com/images/I/41yHcW15a8L._SL500_.jpg" alt="Product Image"></a><p>NORTIV 8 Men's Insulated Waterproof Construction Hiking Winter Snow Boots,Size 10.5,Black/1,TUNDRA</p><p> -10% 0FF </p><p>$43.19</p><a href="https://www.amazon.com/dp/B07FTGY1XR?tag=eloabder-20&linkCode=osi&th=1&psc=1">View Product</a></div>
<div class="product"><a href="https://www.amazon.com/dp/B0B2JCJ6ZD?tag=eloabder-20&linkCode=osi&th=1&psc=1"><img src="https://m.media-amazon.com/images/I/41VdGeYGPxL._SL500_.jpg" alt="Product Image"></a><p>Bruno Marc Men's Casual Dress Sneaker Shoes, Business Formal Derby Plain Toe Oxfords Crossflex GentEdge,Size 11,Brown,SBOX223M</p><p> -21% 0FF </p><p>$36.54</p><a href="https://www.amazon.com/dp/B0B2JCJ6ZD?tag=eloabder-20&linkCode=osi&th=1&psc=1">View Product</a></div><div class="product"><a href="https://www.amazon.com/dp/B06XC8ZR39?tag=eloabder-20&linkCode=osi&th=1&psc=1"><img src="https://m.media-amazon.com/images/I/41zZ6LIDM7L._SL500_.jpg" alt="Product Image"></a><p>Bruno Marc Men's Dress Oxford Shoes Classic Lace Up Formal Shoes,Size 10.5,Black,DOWNING-02</p><p> -29% 0FF </p><p>$39.99</p><a href="https://www.amazon.com/dp/B06XC8ZR39?tag=eloabder-20&linkCode=osi&th=1&psc=1">View Product</a></div><div class="product"><a href="https://www.amazon.com/dp/B00SMJO8S6?tag=eloabder-20&linkCode=osi&th=1&psc=1"><img src="https://m.media-amazon.com/images/I/315NtaJJD+L._SL500_.jpg" alt="Product Image"></a><p>Clarks Men's Tilden Cap Oxford, Black Leather, 10</p><p> -20% 0FF </p><p>$72.00</p><a href="https://www.amazon.com/dp/B00SMJO8S6?tag=eloabder-20&linkCode=osi&th=1&psc=1">View Product</a></div><div class="product"><a href="https://www.amazon.com/dp/B0D7P3YQ41?tag=eloabder-20&linkCode=osi&th=1&psc=1"><img src="https://m.media-amazon.com/images/I/41HxmcfcX2L._SL500_.jpg" alt="Product Image"></a><p>Bruno Marc Men's MaxFlex Dress Sneakers Oxfords Casual Wingtip Brogue Shoes,Size 11,All Black,SBOX2326M</p><p> -15% 0FF </p><p>$39.09</p><a href="https://www.amazon.com/dp/B0D7P3YQ41?tag=eloabder-20&linkCode=osi&th=1&psc=1">View Product</a></div><div class="product"><a href="https://www.amazon.com/dp/B0007TQ9PY?tag=eloabder-20&linkCode=osi&th=1&psc=1"><img src="https://m.media-amazon.com/images/I/31CtT3W-TML._SL500_.jpg" alt="Product Image"></a><p>Dockers Men’s Gordon Leather Oxford Dress Shoe,Black,10.5 M US</p><p> -47% 0FF </p><p>$45.38</p><a href="https://www.amazon.com/dp/B0007TQ9PY?tag=eloabder-20&linkCode=osi&th=1&psc=1">View Product</a></div><div class="product"><a href="https://www.amazon.com/dp/B0BNWBCKG8?tag=eloabder-20&linkCode=osi&th=1&psc=1"><img src="https://m.media-amazon.com/images/I/31pDIP6AqsL._SL500_.jpg" alt="Product Image"></a><p>Clarks Collection Men's Whiddon Cap Oxford, Mahogany Leather, 7.5 Medium US</p><p> -20% 0FF </p><p>$76.00</p><a href="https://www.amazon.com/dp/B0BNWBCKG8?tag=eloabder-20&linkCode=osi&th=1&psc=1">View Product</a></div><div class="product"><a href="https://www.amazon.com/dp/B01MQVSJVP?tag=eloabder-20&linkCode=osi&th=1&psc=1"><img src="https://m.media-amazon.com/images/I/41nrqB4TeJL._SL500_.jpg" alt="Product Image"></a><p>Cole Haan Men's 2.Zerogrand Laser Wingtip Oxford, British tan/Java, 12</p><p> -17% 0FF </p><p>$139.95</p><a href="https://www.amazon.com/dp/B01MQVSJVP?tag=eloabder-20&linkCode=osi&th=1&psc=1">View Product</a></div><div class="product"><a href="https://www.amazon.com/dp/B01KAU0GZ8?tag=eloabder-20&linkCode=osi&th=1&psc=1"><img src="https://m.media-amazon.com/images/I/415oCa6tRWL._SL500_.jpg" alt="Product Image"></a><p>Bruno Marc Men's Leather Lined Dress Oxfords Shoes,Size 10.5,Brown,PRINCE-16</p><p> -28% 0FF </p><p>$37.99</p><a href="https://www.amazon.com/dp/B01KAU0GZ8?tag=eloabder-20&linkCode=osi&th=1&psc=1">View Product</a></div><div class="product"><a href="https://www.amazon.com/dp/B07TS4PZG1?tag=eloabder-20&linkCode=osi&th=1&psc=1"><img src="https://m.media-amazon.com/images/I/31l3YUpsjbL._SL500_.jpg" alt="Product Image"></a><p>Dr. Scholl's Men's Sync Plain Toe Dress Casual Oxford, Dark Brown Fearless, 9.5 Wide US</p><p> -32% 0FF </p><p>$65.00</p><a href="https://www.amazon.com/dp/B07TS4PZG1?tag=eloabder-20&linkCode=osi&th=1&psc=1">View Product</a></div>
<div class="product"><a href="https://www.amazon.com/dp/B0716GJZ4F?tag=eloabder-20&linkCode=osi&th=1&psc=1"><img src="https://m.media-amazon.com/images/I/51o8iPeFUOL._SL500_.jpg" alt="Product Image"></a><p>Dockers Men's Newpage Sandal briar 10 W US</p><p> -51% 0FF </p><p>$34.48</p><a href="https://www.amazon.com/dp/B0716GJZ4F?tag=eloabder-20&linkCode=osi&th=1&psc=1">View Product</a></div><div class="product"><a href="https://www.amazon.com/dp/B09ZF3H6LN?tag=eloabder-20&linkCode=osi&th=1&psc=1"><img src="https://m.media-amazon.com/images/I/41EpoR9OprL._SL500_.jpg" alt="Product Image"></a><p>KuaiLu Men's Leather Flip Flops Arch Support Summer Beach Pool Water Thong Sandals Waterproof Rubber Walking Shoes Slip on Orthotic Casual Sport Cushioned Wide Slides Shower Slippers Brown Size 10.5</p><p> -25% 0FF </p><p>$14.99</p><a href="https://www.amazon.com/dp/B09ZF3H6LN?tag=eloabder-20&linkCode=osi&th=1&psc=1">View Product</a></div><div class="product"><a href="https://www.amazon.com/dp/B08R3GHLNH?tag=eloabder-20&linkCode=osi&th=1&psc=1"><img src="https://m.media-amazon.com/images/I/41VT1u9LgbL._SL500_.jpg" alt="Product Image"></a><p>FITORY Mens Sandals, Arch Support Slides with Adjustable Buckle Straps and Cork Footbed Brown Size 10</p><p> -45% 0FF </p><p>$27.54</p><a href="https://www.amazon.com/dp/B08R3GHLNH?tag=eloabder-20&linkCode=osi&th=1&psc=1">View Product</a></div><div class="product"><a href="https://www.amazon.com/dp/B07CZ54WT4?tag=eloabder-20&linkCode=osi&th=1&psc=1"><img src="https://m.media-amazon.com/images/I/31iUYzt74kL._SL500_.jpg" alt="Product Image"></a><p>Reef Cushion Phantom Men's Sandals Brown/tan - 11 Medium</p><p> -33% 0FF </p><p>$39.97</p><a href="https://www.amazon.com/dp/B07CZ54WT4?tag=eloabder-20&linkCode=osi&th=1&psc=1">View Product</a></div><div class="product"><a href="https://www.amazon.com/dp/B00ZUY6YZQ?tag=eloabder-20&linkCode=osi&th=1&psc=1"><img src="https://m.media-amazon.com/images/I/31G+uOysh5L._SL500_.jpg" alt="Product Image"></a><p>Reef Fanning Sandals - Men's, Black/Silver 12 M</p><p> -35% 0FF </p><p>$41.94</p><a href="https://www.amazon.com/dp/B00ZUY6YZQ?tag=eloabder-20&linkCode=osi&th=1&psc=1">View Product</a></div><div class="product"><a href="https://www.amazon.com/dp/B01M3RJ93F?tag=eloabder-20&linkCode=osi&th=1&psc=1"><img src="https://m.media-amazon.com/images/I/310dfFkW6rL._SL500_.jpg" alt="Product Image"></a><p>Dockers Men's Sunland Slide Sandal, Black, 10</p><p> -51% 0FF </p><p>$34.19</p><a href="https://www.amazon.com/dp/B01M3RJ93F?tag=eloabder-20&linkCode=osi&th=1&psc=1">View Product</a></div><div class="product"><a href="https://www.amazon.com/dp/B07X3FKWYS?tag=eloabder-20&linkCode=osi&th=1&psc=1"><img src="https://m.media-amazon.com/images/I/414ynAyoIjL._SL500_.jpg" alt="Product Image"></a><p>Jousen Men's Sandals Leather Open Toe Beach Sandal Dark Brown Outdoor Summer Sport Sandals (AMY662 Dark Brown 10)</p><p> -28% 0FF </p><p>$32.99</p><a href="https://www.amazon.com/dp/B07X3FKWYS?tag=eloabder-20&linkCode=osi&th=1&psc=1">View Product</a></div><div class="product"><a href="https://www.amazon.com/dp/B07BPZKSJZ?tag=eloabder-20&linkCode=osi&th=1&psc=1"><img src="https://m.media-amazon.com/images/I/51OgnHDzWTL._SL500_.jpg" alt="Product Image"></a><p>BINSHUN Sandals for Men Leather Hiking Sandals Athletic Walking Sports Fisherman Beach Shoes with Closed Toe</p><p> -10% 0FF </p><p>$29.87</p><a href="https://www.amazon.com/dp/B07BPZKSJZ?tag=eloabder-20&linkCode=osi&th=1&psc=1">View Product</a></div><div class="product"><a href="https://www.amazon.com/dp/B08YR1F8LQ?tag=eloabder-20&linkCode=osi&th=1&psc=1"><img src="https://m.media-amazon.com/images/I/41hSD6Adm1L._SL500_.jpg" alt="Product Image"></a><p>KuaiLu Mens Leather Sport Flip Flops Comfort Orthotic Thong Sandals with Plantar Fasciitis Arch Support for Outdoor Summer</p><p> -22% 0FF </p><p>$27.99</p><a href="https://www.amazon.com/dp/B08YR1F8LQ?tag=eloabder-20&linkCode=osi&th=1&psc=1">View Product</a></div>
<div class="product"><a href="https://www.amazon.com/dp/B09M3Z63QP?tag=eloabder-20&linkCode=osi&th=1&psc=1"><img src="https://m.media-amazon.com/images/I/51xLtsQ3QuL._SL500_.jpg" alt="Product Image"></a><p>RUNBOX Men's Wallets 15 Card Holder Slim Rfid Leather 2 ID Window With Gift Box Men's Accessories</p><p> -32% 0FF </p><p>$14.99</p><a href="https://www.amazon.com/dp/B09M3Z63QP?tag=eloabder-20&linkCode=osi&th=1&psc=1">View Product</a></div><div class="product"><a href="https://www.amazon.com/dp/B092VR48NK?tag=eloabder-20&linkCode=osi&th=1&psc=1"><img src="https://m.media-amazon.com/images/I/519fN7eFdjL._SL500_.jpg" alt="Product Image"></a><p>RUNBOX Novelty Wallet for Men Slim 11 Credit Card Holder Slots Leather RFID Blocking Small Thin Men's Wallet Bifold Minimalist Front Pocket Large Capacity Gift Box</p><p> -60% 0FF </p><p>$11.99</p><a href="https://www.amazon.com/dp/B092VR48NK?tag=eloabder-20&linkCode=osi&th=1&psc=1">View Product</a></div><div class="product"><a href="https://www.amazon.com/dp/B0FCFLBPRZ?tag=eloabder-20&linkCode=osi&th=1&psc=1"><img src="https://m.media-amazon.com/images/I/41H9+SOX03L._SL500_.jpg" alt="Product Image"></a><p>Wallet for Men, RFID Wallet with Money Clip & ID Window, Minimalist Pop Up Credit Card Case Holder 10-12 Cards, Bifold Slim Smart Wallet for Front Pocket, Compact Metal Wallets, Gifts for Men, Carbon</p><p> -49% 0FF </p><p>$18.99</p><a href="https://www.amazon.com/dp/B0FCFLBPRZ?tag=eloabder-20&linkCode=osi&th=1&psc=1">View Product</a></div>
<div class="product"><a href="https://www.amazon.com/dp/B0BW8Q72R5?tag=eloabder-20&linkCode=osi&th=1&psc=1"><img src="https://m.media-amazon.com/images/I/41XQ7S39MmL._SL500_.jpg" alt="Product Image"></a><p>CARITATE Black Beaded Bracelets for Men Boys - 6mm Obsidian Onyx Lava Beads Mens Bracelet Set Mens Jewelry - Cool Anniversary Valentines Fathers Birthday Gifts for Him Boyfriend Husband Man Son Dad</p><p> -20% 0FF </p><p>$11.19</p><a href="https://www.amazon.com/dp/B0BW8Q72R5?tag=eloabder-20&linkCode=osi&th=1&psc=1">View Product</a></div><div class="product"><a href="https://www.amazon.com/dp/B0D47HNYR7?tag=eloabder-20&linkCode=osi&th=1&psc=1"><img src="https://m.media-amazon.com/images/I/21p1U2mzHKL._SL500_.jpg" alt="Product Image"></a><p>YANCHUN Necklace for Men Stocking Stuffers Black Beaded Puka Shell Necklaces Chain Christmas Gifts for Men Jewelry Gift for Dad Son Husband Boyfriend</p><p> -17% 0FF </p><p>$9.99</p><a href="https://www.amazon.com/dp/B0D47HNYR7?tag=eloabder-20&linkCode=osi&th=1&psc=1">View Product</a></div>
<div class="product"><a href="https://www.amazon.com/dp/B0DRCKRXFY?tag=eloabder-20&linkCode=osi&th=1&psc=1"><img src="https://m.media-amazon.com/images/I/41uAEGF-aKL._SL500_.jpg" alt="Product Image"></a><p>Romass 4Pcs Cross Necklace for Men,Stainless Steel Chains for Men Layered Necklaces Silver Gold Black Pendant Jewelry Box Gifts 18-24 Inches (4Pcs 18in/20in, Silver+Black)</p><p> -17% 0FF </p><p>$9.99</p><a href="https://www.amazon.com/dp/B0DRCKRXFY?tag=eloabder-20&linkCode=osi&th=1&psc=1">View Product</a></div><div class="product"><a href="https://www.amazon.com/dp/B07MMTTSYZ?tag=eloabder-20&linkCode=osi&th=1&psc=1"><img src="https://m.media-amazon.com/images/I/41TaHHkYRzL._SL500_.jpg" alt="Product Image"></a><p>Jstyle Stainless Steel Pendant Necklace For Mens Cool Spearpoint Arrowhead Pendant Chain Necklace Set Black & Silver Tone</p><p> -5% 0FF </p><p>$17.99</p><a href="https://www.amazon.com/dp/B07MMTTSYZ?tag=eloabder-20&linkCode=osi&th=1&psc=1">View Product</a></div><div class="product"><a href="https://www.amazon.com/dp/B0B6SBGWD1?tag=eloabder-20&linkCode=osi&th=1&psc=1"><img src="https://m.media-amazon.com/images/I/412V9xmzp9L._SL500_.jpg" alt="Product Image"></a><p>Yooblue Cross Necklace for Men - Stainless Steel Cross Chain Necklace for Men, Mens Jewelry Cross Pendant Cross Necklace, Layered Silver Chain for Men</p><p> -38% 0FF </p><p>$9.99</p><a href="https://www.amazon.com/dp/B0B6SBGWD1?tag=eloabder-20&linkCode=osi&th=1&psc=1">View Product</a></div><div class="product"><a href="https://www.amazon.com/dp/B0F9NQFZ3B?tag=eloabder-20&linkCode=osi&th=1&psc=1"><img src="https://m.media-amazon.com/images/I/31GB2zqKPlL._SL500_.jpg" alt="Product Image"></a><p>OLARCU 3.5mm Mens Silver Stainless Steel Cuban Link Chain Necklace for Men (3.5mm-Silver, 20 Inches)</p><p> -25% 0FF </p><p>$11.28</p><a href="https://www.amazon.com/dp/B0F9NQFZ3B?tag=eloabder-20&linkCode=osi&th=1&psc=1">View Product</a></div>
<div class="product"><a href="https://www.amazon.com/dp/B06XWM86PP?tag=eloabder-20&linkCode=osi&th=1&psc=1"><img src="https://m.media-amazon.com/images/I/316Oy2Nf6WL._SL500_.jpg" alt="Product Image"></a><p>Amazon Essentials Men's Classic-Fit 9" Chino Shorts, Deep Blue, 31</p><p> -13% 0FF </p><p>$16.03</p><a href="https://www.amazon.com/dp/B06XWM86PP?tag=eloabder-20&linkCode=osi&th=1&psc=1">View Product</a></div><div class="product"><a href="https://www.amazon.com/dp/B0BHXHSFK9?tag=eloabder-20&linkCode=osi&th=1&psc=1"><img src="https://m.media-amazon.com/images/I/41aMCAVm+TL._SL500_.jpg" alt="Product Image"></a><p>Nike Men's Essential Micro Boxer 3 Pack Brief, Black/Grey/Blue, Medium</p><p> -8% 0FF </p><p>$36.38</p><a href="https://www.amazon.com/dp/B0BHXHSFK9?tag=eloabder-20&linkCode=osi&th=1&psc=1">View Product</a></div><div class="product"><a href="https://www.amazon.com/dp/B0CPQ998G1?tag=eloabder-20&linkCode=osi&th=1&psc=1"><img src="https://m.media-amazon.com/images/I/21Bx3WN1FBL._SL500_.jpg" alt="Product Image"></a><p>HEYDUDE Sirocco Alta M Essentials White/White Size 11, Men's Shoes, Casual Sneakers, Comfortable & Light-Weight</p><p> -38% 0FF </p><p>$49.39</p><a href="https://www.amazon.com/dp/B0CPQ998G1?tag=eloabder-20&linkCode=osi&th=1&psc=1">View Product</a></div><div class="product"><a href="https://www.amazon.com/dp/B08M81BY33?tag=eloabder-20&linkCode=osi&th=1&psc=1"><img src="https://m.media-amazon.com/images/I/31hJHjIF4jL._SL500_.jpg" alt="Product Image"></a><p>adidas Men's Essentials Warm-up 3-Stripes Track Top, Black/White, XX-Large</p><p> -27% 0FF </p><p>$39.99</p><a href="https://www.amazon.com/dp/B08M81BY33?tag=eloabder-20&linkCode=osi&th=1&psc=1">View Product</a></div><div class="product"><a href="https://www.amazon.com/dp/B08MKRSK99?tag=eloabder-20&linkCode=osi&th=1&psc=1"><img src="https://m.media-amazon.com/images/I/31LQExPPcpL._SL500_.jpg" alt="Product Image"></a><p>adidas mens Essentials Warm-up Slim Tapered 3-stripes Tracksuit Bottoms Pants, Black/White, X-Small US</p><p> -33% 0FF </p><p>$29.99</p><a href="https://www.amazon.com/dp/B08MKRSK99?tag=eloabder-20&linkCode=osi&th=1&psc=1">View Product</a></div><div class="product"><a href="https://www.amazon.com/dp/B0D28H1K7X?tag=eloabder-20&linkCode=osi&th=1&psc=1"><img src="https://m.media-amazon.com/images/I/31F0UxW8YHL._SL500_.jpg" alt="Product Image"></a><p>adidas Men's Essentials 3-Stripes Sportswear Windbreaker, White/Black, X-Large</p><p> -43% 0FF </p><p>$39.80</p><a href="https://www.amazon.com/dp/B0D28H1K7X?tag=eloabder-20&linkCode=osi&th=1&psc=1">View Product</a></div>
<div class="product"><a href="https://www.amazon.com/dp/B0D1QN41ZY?tag=eloabder-20&linkCode=osi&th=1&psc=1"><img src="https://m.media-amazon.com/images/I/41vgiZdQ1XL._SL500_.jpg" alt="Product Image"></a><p>LORENZO BRUNO Mens Suit 2 Piece Black Suits for Men One Button Slim Fit Solid Jacket & Pants Tuxedo Set Business Wedding Party, Black, L</p><p> -10% 0FF </p><p>$65.60</p><a href="https://www.amazon.com/dp/B0D1QN41ZY?tag=eloabder-20&linkCode=osi&th=1&psc=1">View Product</a></div><div class="product"><a href="https://www.amazon.com/dp/B0BHYM7PM9?tag=eloabder-20&linkCode=osi&th=1&psc=1"><img src="https://m.media-amazon.com/images/I/41RE-4MraWL._SL500_.jpg" alt="Product Image"></a><p>LUPURTY Suits for Men, 3 Piece Men's Suit Slim Fit, Solid Jacket Vest Pants with Tie, One Button Tuxedo Set for Business, Wedding, Navy Blue L</p><p> -19% 0FF </p><p>$80.98</p><a href="https://www.amazon.com/dp/B0BHYM7PM9?tag=eloabder-20&linkCode=osi&th=1&psc=1">View Product</a></div>

<div class="product"><a href="https://www.amazon.com/dp/B0FGXKHB97?tag=eloabder-20&linkCode=osi&th=1&psc=1"><img src="https://m.media-amazon.com/images/I/41z5hEb2IzL._SL500_.jpg" alt="Product Image"></a><p>COOFANDY Men's Dress Shirts Long Sleeve Formal Shirt Wrinkle Free Business Casual Button Down Shirt Dark Army Green</p><p> -15% 0FF </p><p>$22.99</p><a href="https://www.amazon.com/dp/B0FGXKHB97?tag=eloabder-20&linkCode=osi&th=1&psc=1">View Product</a></div><div class="product"><a href="https://www.amazon.com/dp/B01MQUFNEQ?tag=eloabder-20&linkCode=osi&th=1&psc=1"><img src="https://m.media-amazon.com/images/I/31M8QWTWz+L._SL500_.jpg" alt="Product Image"></a><p>Clarks Men's Tilden Cap Oxford Shoe Dark Tan Leather 7.5 M</p><p> -20% 0FF </p><p>$72.00</p><a href="https://www.amazon.com/dp/B01MQUFNEQ?tag=eloabder-20&linkCode=osi&th=1&psc=1">View Product</a></div><div class="product"><a href="https://www.amazon.com/dp/B0D8J4S61K?tag=eloabder-20&linkCode=osi&th=1&psc=1"><img src="https://m.media-amazon.com/images/I/41ftsU6TXPL._SL500_.jpg" alt="Product Image"></a><p>COOFANDY Suit Vest for Men Notch Lapel Dress Vests Slim Fit Formal Business Waistcoat, Pastel Gray, M</p><p> -28% 0FF </p><p>$24.99</p><a href="https://www.amazon.com/dp/B0D8J4S61K?tag=eloabder-20&linkCode=osi&th=1&psc=1">View Product</a></div>
<div class="product"><a href="https://www.amazon.com/dp/B0D77MHZ3D?tag=eloabder-20&linkCode=osi&th=1&psc=1"><img src="https://m.media-amazon.com/images/I/4161oCN5FML._SL500_.jpg" alt="Product Image"></a><p>Dokotoo Men Men's Fashion Sweatshirts Casual Quarter Zip Up Dress Sweaters Solid Geometric Long Sleeve Workout Pullover Fall Clothes Grey Medium</p><p> -33% 0FF </p><p>$19.99</p><a href="https://www.amazon.com/dp/B0D77MHZ3D?tag=eloabder-20&linkCode=osi&th=1&psc=1">View Product</a></div>

<div class="product"><a href="https://www.amazon.com/dp/B09K8YYVWV?tag=eloabder-20&linkCode=osi&th=1&psc=1"><img src="https://m.media-amazon.com/images/I/4123dxF1ijL._SL500_.jpg" alt="Product Image"></a><p>Blue Buffalo Life Protection Formula Natural Adult Dry Dog Food, Chicken and Brown Rice 5-lb Trial Size Bag</p><p> -17% 0FF </p><p>$14.98 ($3.00 / lb)</p><a href="https://www.amazon.com/dp/B09K8YYVWV?tag=eloabder-20&linkCode=osi&th=1&psc=1">View Product</a></div><div class="product"><a href="https://www.amazon.com/dp/B0000AH3QT?tag=eloabder-20&linkCode=osi&th=1&psc=1"><img src="https://m.media-amazon.com/images/I/41FXHOzdCWL._SL500_.jpg" alt="Product Image"></a><p>Purina ONE Chicken and Rice Formula Dry Dog Food - 8 lb. Bag</p><p> -9% 0FF </p><p>$16.28 ($2.04 / lb)</p><a href="https://www.amazon.com/dp/B0000AH3QT?tag=eloabder-20&linkCode=osi&th=1&psc=1">View Product</a></div><div class="product"><a href="https://www.amazon.com/dp/B09K9FDLFN?tag=eloabder-20&linkCode=osi&th=1&psc=1"><img src="https://m.media-amazon.com/images/I/41fn4P3zY0L._SL500_.jpg" alt="Product Image"></a><p>Blue Buffalo Life Protection Formula Natural Adult Small Breed Dry Dog Food, Chicken and Brown Rice 5-lb Trial Size Bag</p><p> -13% 0FF </p><p>$17.48 ($3.50 / lb)</p><a href="https://www.amazon.com/dp/B09K9FDLFN?tag=eloabder-20&linkCode=osi&th=1&psc=1">View Product</a></div><div class="product"><a href="https://www.amazon.com/dp/B009IOCCD2?tag=eloabder-20&linkCode=osi&th=1&psc=1"><img src="https://m.media-amazon.com/images/I/41hzdgAAhmL._SL500_.jpg" alt="Product Image"></a><p>Purina ONE Dry Dog Food Lamb and Rice Formula - 31.1 lb. Bag</p><p> -17% 0FF </p><p>$48.98 ($1.57 / lb)</p><a href="https://www.amazon.com/dp/B009IOCCD2?tag=eloabder-20&linkCode=osi&th=1&psc=1">View Product</a></div><div class="product"><a href="https://www.amazon.com/dp/B06WGLV27L?tag=eloabder-20&linkCode=osi&th=1&psc=1"><img src="https://m.media-amazon.com/images/I/41+bgu7zfAL._SL500_.jpg" alt="Product Image"></a><p>Nutrish Dry Dog Food, Real Beef, Pea & Brown Rice Recipe Whole Health Blend for Adult Dogs, 40 lb. Bag, Packaging May Vary (Rachael Ray)</p><p> -26% 0FF </p><p>$43.99 ($1.10 / lb)</p><a href="https://www.amazon.com/dp/B06WGLV27L?tag=eloabder-20&linkCode=osi&th=1&psc=1">View Product</a></div><div class="product"><a href="https://www.amazon.com/dp/B0009YWKUA?tag=eloabder-20&linkCode=osi&th=1&psc=1"><img src="https://m.media-amazon.com/images/I/41gZ78TZzBL._SL500_.jpg" alt="Product Image"></a><p>Blue Buffalo Life Protection Formula Adult Dry Dog Food, Helps Build and Maintain Strong Muscles, Made with Natural Ingredients, Chicken & Brown Rice Recipe, 30-lb. Bag</p><p> -11% 0FF </p><p>$66.99 ($2.23 / lb)</p><a href="https://www.amazon.com/dp/B0009YWKUA?tag=eloabder-20&linkCode=osi&th=1&psc=1">View Product</a></div><div class="product"><a href="https://www.amazon.com/dp/B0009YUGAG?tag=eloabder-20&linkCode=osi&th=1&psc=1"><img src="https://m.media-amazon.com/images/I/41s0BUVfCbL._SL500_.jpg" alt="Product Image"></a><p>Blue Buffalo Life Protection Formula Adult Dry Dog Food, Helps Build and Maintain Strong Muscles, Made with Natural Ingredients, Chicken & Brown Rice Recipe, 15-lb. Bag</p><p> -15% 0FF </p><p>$37.98 ($2.53 / lb)</p><a href="https://www.amazon.com/dp/B0009YUGAG?tag=eloabder-20&linkCode=osi&th=1&psc=1">View Product</a></div>
<div class="product"><a href="https://www.amazon.com/dp/B0BFPJJTR9?tag=eloabder-20&linkCode=osi&th=1&psc=1"><img src="https://m.media-amazon.com/images/I/511o77BB+6L._SL500_.jpg" alt="Product Image"></a><p>Joytale Dog Leash for Large Dogs, Heavy Duty Nylon Leashes with Comfortable Padded Handle and Highly Reflective Threads, Ideal for Walking and Training, Black, 6'×1/2''</p><p> -10% 0FF </p><p>$7.19</p><a href="https://www.amazon.com/dp/B0BFPJJTR9?tag=eloabder-20&linkCode=osi&th=1&psc=1">View Product</a></div><div class="product"><a href="https://www.amazon.com/dp/B076F7HM8T?tag=eloabder-20&linkCode=osi&th=1&psc=1"><img src="https://m.media-amazon.com/images/I/41Qlfdjpa1L._SL500_.jpg" alt="Product Image"></a><p>TUG 360° Tangle-Free Retractable Dog Leash | 16 ft Strong Nylon Tape | One-Handed Brake, Pause, Lock (Medium, White)</p><p> -12% 0FF </p><p>$18.99</p><a href="https://www.amazon.com/dp/B076F7HM8T?tag=eloabder-20&linkCode=osi&th=1&psc=1">View Product</a></div><div class="product"><a href="https://www.amazon.com/dp/B095C8RXSH?tag=eloabder-20&linkCode=osi&th=1&psc=1"><img src="https://m.media-amazon.com/images/I/518Mz7ChiHL._SL500_.jpg" alt="Product Image"></a><p>Taglory Rope Dog Leash 6 FT with Comfortable Padded Handle, Highly Reflective Threads Leash for Medium Large Dogs, 1/2 inch, Hotpink</p><p> -36% 0FF </p><p>$9.99 ($9.99 / count)</p><a href="https://www.amazon.com/dp/B095C8RXSH?tag=eloabder-20&linkCode=osi&th=1&psc=1">View Product</a></div><div class="product"><a href="https://www.amazon.com/dp/B078SLM45M?tag=eloabder-20&linkCode=osi&th=1&psc=1"><img src="https://m.media-amazon.com/images/I/41cyg8ILTTL._SL500_.jpg" alt="Product Image"></a><p>TUG 360° Tangle-Free Retractable Dog Leash | 16 ft Strong Nylon Tape | One-Handed Brake, Pause, Lock (Large, White)</p><p> -14% 0FF </p><p>$21.99</p><a href="https://www.amazon.com/dp/B078SLM45M?tag=eloabder-20&linkCode=osi&th=1&psc=1">View Product</a></div>
<div class="product"><a href="https://www.amazon.com/dp/B0DGL4H82X?tag=eloabder-20&linkCode=osi&th=1&psc=1"><img src="https://m.media-amazon.com/images/I/51pDCCmAQNL._SL500_.jpg" alt="Product Image"></a><p>Halypet Cat Harness and Leash Set [MAX Safety 4th-Gen Upgrade] Escape Proof Adjustable Cat Leash Comfortable Soft Vest Easy to Wear Kitten Harness with Reflective Strip for Cats Walking, M Black</p><p> -28% 0FF </p><p>$10.79</p><a href="https://www.amazon.com/dp/B0DGL4H82X?tag=eloabder-20&linkCode=osi&th=1&psc=1">View Product</a></div><div class="product"><a href="https://www.amazon.com/dp/B000OGRDK0?tag=eloabder-20&linkCode=osi&th=1&psc=1"><img src="https://m.media-amazon.com/images/I/31tfSFnHwmL._SL500_.jpg" alt="Product Image"></a><p>PetSafe Nylon Leash - Chew-Resistant Cat & Dog Behavioral Training Leash - Compatible with Easy-Walk Harness - Traditional-Style Reliable Pet Lead with a Padded Hand Wrap - 3/8" x 6' - Black</p><p> -15% 0FF </p><p>$4.24</p><a href="https://www.amazon.com/dp/B000OGRDK0?tag=eloabder-20&linkCode=osi&th=1&psc=1">View Product</a></div><div class="product"><a href="https://www.amazon.com/dp/B0DGL21M78?tag=eloabder-20&linkCode=osi&th=1&psc=1"><img src="https://m.media-amazon.com/images/I/51pDCCmAQNL._SL500_.jpg" alt="Product Image"></a><p>Halypet Cat Harness and Leash Set - MAX Safety 4th-Gen Upgrade, Escape Proof, Adjustable, Comfortable Soft Vest, Easy to Wear Kitten Harness with Reflective Strip for Cats Walking - Small Black</p><p> -25% 0FF </p><p>$11.24</p><a href="https://www.amazon.com/dp/B0DGL21M78?tag=eloabder-20&linkCode=osi&th=1&psc=1">View Product</a></div>
<div class="product"><a href="https://www.amazon.com/dp/B08CCG96FR?tag=eloabder-20&linkCode=osi&th=1&psc=1"><img src="https://m.media-amazon.com/images/I/519rYYNcfDL._SL500_.jpg" alt="Product Image"></a><p>Best Pet Supplies Voyager Step-in Air Harness - All Weather Mesh, Reflective, No Pull Harness for Dogs, Cats - Secure with Hook & Loop Fastener, Buckle, Double D-Rings - Fuchsia, S</p><p> -39% 0FF </p><p>$9.07</p><a href="https://www.amazon.com/dp/B08CCG96FR?tag=eloabder-20&linkCode=osi&th=1&psc=1">View Product</a></div><div class="product"><a href="https://www.amazon.com/dp/B0F134YP3R?tag=eloabder-20&linkCode=osi&th=1&psc=1"><img src="https://m.media-amazon.com/images/I/41WVEg4wn7L._SL500_.jpg" alt="Product Image"></a><p>Bruvoalon Heavy-Duty Tactical Dog Harness for Large Dogs, No Pull Adjustable Reflective K9 Vest with Molle System, 12 Colors & 4 Sizes, Military-Grade Control for Training, Outdoor & 10+ Breeds</p><p> -24% 0FF </p><p>$15.19</p><a href="https://www.amazon.com/dp/B0F134YP3R?tag=eloabder-20&linkCode=osi&th=1&psc=1">View Product</a></div><div class="product"><a href="https://www.amazon.com/dp/B0DGXJWK9J?tag=eloabder-20&linkCode=osi&th=1&psc=1"><img src="https://m.media-amazon.com/images/I/51mncolU3aL._SL500_.jpg" alt="Product Image"></a><p>SlowTon No Pull Dog Harness - Heavy Duty Dog Harness and Leash Set for Medium Large Dogs, Reflective Tactical Harness with Soft Padded and Front Clip for Easy Walk and Training (Black L)</p><p> -13% 0FF </p><p>$19.99</p><a href="https://www.amazon.com/dp/B0DGXJWK9J?tag=eloabder-20&linkCode=osi&th=1&psc=1">View Product</a></div><div class="product"><a href="https://www.amazon.com/dp/B0DRJYND78?tag=eloabder-20&linkCode=osi&th=1&psc=1"><img src="https://m.media-amazon.com/images/I/41NZVoj8wjL._SL500_.jpg" alt="Product Image"></a><p>Wisedog Reflective No Pull Dog Harness - Adjustable Lightweight Pet Vest with 3 Fast-Release Buckles for Dogs Walking, Running and Training(M, Orange)</p><p> -50% 0FF </p><p>$5.59</p><a href="https://www.amazon.com/dp/B0DRJYND78?tag=eloabder-20&linkCode=osi&th=1&psc=1">View Product</a></div><div class="product"><a href="https://www.amazon.com/dp/B0FFV1QZVJ?tag=eloabder-20&linkCode=osi&th=1&psc=1"><img src="https://m.media-amazon.com/images/I/41BPzHU2wsL._SL500_.jpg" alt="Product Image"></a><p>PWOD No Pull Dog Harness with 2 Leash Clips, Reflective Adjustable Soft Padded Vest with Handle, Breathable Oxford No Choke Pet Vest for Large Dogs, Black,L</p><p> -30% 0FF </p><p>$13.99</p><a href="https://www.amazon.com/dp/B0FFV1QZVJ?tag=eloabder-20&linkCode=osi&th=1&psc=1">View Product</a></div><div class="product"><a href="https://www.amazon.com/dp/B0792XS9B1?tag=eloabder-20&linkCode=osi&th=1&psc=1"><img src="https://m.media-amazon.com/images/I/510eqOLi1TL._SL500_.jpg" alt="Product Image"></a><p>PoyPet No Pull Dog Harness, No Choke Front Lead Dog Reflective Harness, Adjustable Soft Padded Pet Vest with Easy Control Handle for Small to Large Dogs(Pink, Medium)</p><p> -11% 0FF </p><p>$11.99 ($11.99 / count)</p><a href="https://www.amazon.com/dp/B0792XS9B1?tag=eloabder-20&linkCode=osi&th=1&psc=1">View Product</a></div>
<div class="product"><a href="https://www.amazon.com/dp/B08CCGRW5D?tag=eloabder-20&linkCode=osi&th=1&psc=1"><img src="https://m.media-amazon.com/images/I/519rYYNcfDL._SL500_.jpg" alt="Product Image"></a><p>Best Pet Supplies Voyager Step-in Air Harness - All Weather Mesh, Reflective, No Pull Harness for Dogs, Cats - Secure with Hook & Loop Fastener, Buckle, Double D-Rings - Fuchsia, M</p><p> -13% 0FF </p><p>$12.99</p><a href="https://www.amazon.com/dp/B08CCGRW5D?tag=eloabder-20&linkCode=osi&th=1&psc=1">View Product</a></div>
<div class="product"><a href="https://www.amazon.com/dp/B005CUTWDE?tag=eloabder-20&linkCode=osi&th=1&psc=1"><img src="https://m.media-amazon.com/images/I/41j4IEfx6wL._SL500_.jpg" alt="Product Image"></a><p>Wahl USA Dry Skin & Itch Relief Pet Shampoo for Dogs – Oatmeal Formula with Coconut Lime Verbena Scent & Pet Friendly Formula, 24 Oz - Model 820004A</p><p> -10% 0FF </p><p>$8.97</p><a href="https://www.amazon.com/dp/B005CUTWDE?tag=eloabder-20&linkCode=osi&th=1&psc=1">View Product</a></div><div class="product"><a href="https://www.amazon.com/dp/B0791LY9MW?tag=eloabder-20&linkCode=osi&th=1&psc=1"><img src="https://m.media-amazon.com/images/I/510j7m4z+0L._SL500_.jpg" alt="Product Image"></a><p>PAWFUME Deshedding Dog Shampoo and Conditioner, Show Dog, 1-Pack – Nourish & Detangle for Silky Soft Coat – Probiotic, Deep-Cleaning, pH-Balanced Formula – Salon-Quality Shampoo for Dogs</p><p> -13% 0FF </p><p>$13.99 ($1.17 / fluid ounce)</p><a href="https://www.amazon.com/dp/B0791LY9MW?tag=eloabder-20&linkCode=osi&th=1&psc=1">View Product</a></div><div class="product"><a href="https://www.amazon.com/dp/B079T3KSYL?tag=eloabder-20&linkCode=osi&th=1&psc=1"><img src="https://m.media-amazon.com/images/I/411+lEo81xL._SL500_.jpg" alt="Product Image"></a><p>Wahl USA 4-in-1 Calming Pet Shampoo for Dogs with a Lavender Chamomile Scent – Cleans, Conditions, Detangles, & Moisturizes - Pet Friendly Formula – 64 Oz - Model 821000-050</p><p> -10% 0FF </p><p>$21.53 ($0.34 / fluid ounce)</p><a href="https://www.amazon.com/dp/B079T3KSYL?tag=eloabder-20&linkCode=osi&th=1&psc=1">View Product</a></div><div class="product"><a href="https://www.amazon.com/dp/B079T44C3J?tag=eloabder-20&linkCode=osi&th=1&psc=1"><img src="https://m.media-amazon.com/images/I/41aKOigtAPL._SL500_.jpg" alt="Product Image"></a><p>Wahl USA Dry Skin & Itch Relief Pet Shampoo for Dogs – Oatmeal Formula with Coconut Lime Verbena Scent - 64 Oz - Model 821004-050</p><p> -18% 0FF </p><p>$16.48</p><a href="https://www.amazon.com/dp/B079T44C3J?tag=eloabder-20&linkCode=osi&th=1&psc=1">View Product</a></div><div class="product"><a href="https://www.amazon.com/dp/B0DF3W6L1Y?tag=eloabder-20&linkCode=osi&th=1&psc=1"><img src="https://m.media-amazon.com/images/I/314vZFKBT5L._SL500_.jpg" alt="Product Image"></a><p>MRS. MEYER'S Clean Day 3 in 1 Dog Shampoo, Sweet Chamomile Scent, 14oz</p><p> -25% 0FF </p><p>$13.54 ($0.97 / fluid ounce)</p><a href="https://www.amazon.com/dp/B0DF3W6L1Y?tag=eloabder-20&linkCode=osi&th=1&psc=1">View Product</a></div><div class="product"><a href="https://www.amazon.com/dp/B0DF3S2ZFQ?tag=eloabder-20&linkCode=osi&th=1&psc=1"><img src="https://m.media-amazon.com/images/I/31a6kZ5IHLL._SL500_.jpg" alt="Product Image"></a><p>MRS. MEYER'S Clean Day 3 in 1 Dog Shampoo, White Peach Scent, 14oz</p><p> -36% 0FF </p><p>$11.59 ($0.83 / fluid ounce)</p><a href="https://www.amazon.com/dp/B0DF3S2ZFQ?tag=eloabder-20&linkCode=osi&th=1&psc=1">View Product</a></div>
<div class="product"><a href="https://www.amazon.com/dp/B0002J1FOE?tag=eloabder-20&linkCode=osi&th=1&psc=1"><img src="https://m.media-amazon.com/images/I/41MQpL7i06L._SL500_.jpg" alt="Product Image"></a><p>FRONTLINE Plus Flea and Tick Treatment for Large Dogs Up to 45 to 88 lbs. 3 Treatments</p><p> -22% 0FF </p><p>$34.98 ($11.66 / count)</p><a href="https://www.amazon.com/dp/B0002J1FOE?tag=eloabder-20&linkCode=osi&th=1&psc=1">View Product</a></div><div class="product"><a href="https://www.amazon.com/dp/B0002J1F76?tag=eloabder-20&linkCode=osi&th=1&psc=1"><img src="https://m.media-amazon.com/images/I/41dCAf46o0L._SL500_.jpg" alt="Product Image"></a><p>FRONTLINE Plus Flea and Tick Treatment for Cats Over 1.5 lbs. 3 Treatments</p><p> -11% 0FF </p><p>$39.98 ($783.92 / fluid ounce)</p><a href="https://www.amazon.com/dp/B0002J1F76?tag=eloabder-20&linkCode=osi&th=1&psc=1">View Product</a></div><div class="product"><a href="https://www.amazon.com/dp/B0F2HPNQ1W?tag=eloabder-20&linkCode=osi&th=1&psc=1"><img src="https://m.media-amazon.com/images/I/51DP4EE9hiL._SL500_.jpg" alt="Product Image"></a><p>Chewable Flea and Tick Prevention for Dogs - 120 Soft Chews Made in USA - Oral Flea and Tick Control Pills for Small, Medium, Large Dogs and Puppies - Skin and Coat Supplement Treats for All Breeds</p><p> -29% 0FF </p><p>$19.99 ($0.17 / count)</p><a href="https://www.amazon.com/dp/B0F2HPNQ1W?tag=eloabder-20&linkCode=osi&th=1&psc=1">View Product</a></div><div class="product"><a href="https://www.amazon.com/dp/B0002J1FN0?tag=eloabder-20&linkCode=osi&th=1&psc=1"><img src="https://m.media-amazon.com/images/I/41Ife-kF7uL._SL500_.jpg" alt="Product Image"></a><p>FRONTLINE Plus Flea and Tick Treatment for Medium Dogs Up to 23 to 44 lbs. 3 Treatments</p><p> -11% 0FF </p><p>$39.98 ($13.33 / count)</p><a href="https://www.amazon.com/dp/B0002J1FN0?tag=eloabder-20&linkCode=osi&th=1&psc=1">View Product</a></div><div class="product"><a href="https://www.amazon.com/dp/B00WWP1MIK?tag=eloabder-20&linkCode=osi&th=1&psc=1"><img src="https://m.media-amazon.com/images/I/513P0basXRL._SL500_.jpg" alt="Product Image"></a><p>PetArmor Plus Flea and Tick Prevention for Dogs, Large Dog Flea and Tick Treatment, 3 Doses, Waterproof Topical, Fast Acting (45-88 lbs)</p><p> -37% 0FF </p><p>$18.30 ($6.10 / count)</p><a href="https://www.amazon.com/dp/B00WWP1MIK?tag=eloabder-20&linkCode=osi&th=1&psc=1">View Product</a></div>
<div class="product"><a href="https://www.amazon.com/dp/B0009X29WK?tag=eloabder-20&linkCode=osi&th=1&psc=1"><img src="https://m.media-amazon.com/images/I/51aLRVazcoL._SL500_.jpg" alt="Product Image"></a><p>Dr. Elsey's Ultra UnScented Clumping Clay Cat Litter 40 lb. Bag</p><p> -13% 0FF </p><p>$20.99 ($0.03 / fluid ounce)</p><a href="https://www.amazon.com/dp/B0009X29WK?tag=eloabder-20&linkCode=osi&th=1&psc=1">View Product</a></div><div class="product"><a href="https://www.amazon.com/dp/B089LLHMQL?tag=eloabder-20&linkCode=osi&th=1&psc=1"><img src="https://m.media-amazon.com/images/I/51WhnzWdn4L._SL500_.jpg" alt="Product Image"></a><p>ARM & HAMMER Clump & Seal SLIDE Platinum Multi-Cat Clumping Cat Litter, 14-Day Odor Control, EZ Clean Technology, 18 lbs – No Scrubbing, Powerful Odor Eliminator</p><p> -5% 0FF </p><p>$17.99 ($0.06 / fluid ounce)</p><a href="https://www.amazon.com/dp/B089LLHMQL?tag=eloabder-20&linkCode=osi&th=1&psc=1">View Product</a></div><div class="product"><a href="https://www.amazon.com/dp/B0D1LK2G5C?tag=eloabder-20&linkCode=osi&th=1&psc=1"><img src="https://m.media-amazon.com/images/I/41AT3luVpaL._SL500_.jpg" alt="Product Image"></a><p>Cat's Pride New Antibacterial Cat Litter: Destroys 99.9% of Odor-Causing Bacteria - Powerful Odor Control - Premium Lightweight Clumping Litter - Scented, 12 Pounds</p><p> -5% 0FF </p><p>$9.48 ($0.79 / pound)</p><a href="https://www.amazon.com/dp/B0D1LK2G5C?tag=eloabder-20&linkCode=osi&th=1&psc=1">View Product</a></div><div class="product"><a href="https://www.amazon.com/dp/B0DJDNXZYF?tag=eloabder-20&linkCode=osi&th=1&psc=1"><img src="https://m.media-amazon.com/images/I/51GV-bHkChL._SL500_.jpg" alt="Product Image"></a><p>Fresh Step Clumping Cat Litter, Heavy Duty Advanced, Long Lasting 30-Day Odor Control with Odor Eliminating Carbon, 17.5 lb</p><p> -8% 0FF </p><p>$16.80 ($0.96 / pound)</p><a href="https://www.amazon.com/dp/B0DJDNXZYF?tag=eloabder-20&linkCode=osi&th=1&psc=1">View Product</a></div>
<div class="product"><a href="https://www.amazon.com/dp/B0DCNNN5FC?tag=eloabder-20&linkCode=osi&th=1&psc=1"><img src="https://m.media-amazon.com/images/I/51LR5ZHaD4L._SL500_.jpg" alt="Product Image"></a><p>Frienhund Automatic Cat Feeder with 2K Camera: 5G WiFi Automatic Dog Feeder with Night Vision,Cat Food Dispenser with 7L Large Food Storage Container for Multiple Pet,Detachable for Easy Clean -29 Cup</p><p> -17% 0FF </p><p>$57.99</p><a href="https://www.amazon.com/dp/B0DCNNN5FC?tag=eloabder-20&linkCode=osi&th=1&psc=1">View Product</a></div><div class="product"><a href="https://www.amazon.com/dp/B09LD2CD1L?tag=eloabder-20&linkCode=osi&th=1&psc=1"><img src="https://m.media-amazon.com/images/I/31FCol5w8TL._SL500_.jpg" alt="Product Image"></a><p>VOLUAS Automatic Cat Feeders - Timed Pet Feeder for Cats and Dogs with Dry Food Dispenser, Desiccant Bag, Programmable Portion Control, 4 Daily Meals, 10s Voice Recorder</p><p> -27% 0FF </p><p>$39.98</p><a href="https://www.amazon.com/dp/B09LD2CD1L?tag=eloabder-20&linkCode=osi&th=1&psc=1">View Product</a></div><div class="product"><a href="https://www.amazon.com/dp/B0DT47H4JJ?tag=eloabder-20&linkCode=osi&th=1&psc=1"><img src="https://m.media-amazon.com/images/I/41sK3MB5zTL._SL500_.jpg" alt="Product Image"></a><p>Frienhund Automatic Cat Feeder 2 Cats with Slow Feed: Dual Automatic Dog Feeder with 5G WiFi, Cat Food Dispenser with APP Control for Multiple Pets, Detachable for Easy Clean, Double Pet Bowl - 29 Cup</p><p> -19% 0FF </p><p>$56.98</p><a href="https://www.amazon.com/dp/B0DT47H4JJ?tag=eloabder-20&linkCode=osi&th=1&psc=1">View Product</a></div><div class="product"><a href="https://www.amazon.com/dp/B0F9WLTTLC?tag=eloabder-20&linkCode=osi&th=1&psc=1"><img src="https://m.media-amazon.com/images/I/41oqhTdVBgL._SL500_.jpg" alt="Product Image"></a><p>HoneyGuaridan Automatic Cat Feeder for Two Cats, 5G WiFi Smart Feed Pet Feeder with Stainless Steel Bowl,APP Control Dispenser, Dual Power Supply,Desiccant Bag,10s Meal Call Black</p><p> -20% 0FF </p><p>$55.99</p><a href="https://www.amazon.com/dp/B0F9WLTTLC?tag=eloabder-20&linkCode=osi&th=1&psc=1">View Product</a></div><div class="product"><a href="https://www.amazon.com/dp/B09S8WMJY9?tag=eloabder-20&linkCode=osi&th=1&psc=1"><img src="https://m.media-amazon.com/images/I/41BhIBNEoGL._SL500_.jpg" alt="Product Image"></a><p>PETLIBRO Automatic Cat Feeder, 5G WiFi Automatic Dog Food Dispenser with Freshness Preservation, 5L Timed Pet Feeder with Low Food Sensor, Up to 10 Meals Per Day, Granary Black</p><p> -10% 0FF </p><p>$89.99</p><a href="https://www.amazon.com/dp/B09S8WMJY9?tag=eloabder-20&linkCode=osi&th=1&psc=1">View Product</a></div><div class="product"><a href="https://www.amazon.com/dp/B0DQLJJ5XT?tag=eloabder-20&linkCode=osi&th=1&psc=1"><img src="https://m.media-amazon.com/images/I/31AWcXWoThL._SL500_.jpg" alt="Product Image"></a><p>Dual Automatic Cat Feeder 2 Cats,6 Meals/Day,12 Portions/Meal,4.2L Dual Power Double Bowls Feeder,Dry Food Auto Pet Dispenser,10S Voice Record,Flexible Schedule Timer (Black,Stainless Dual Bowls)</p><p> -40% 0FF </p><p>$29.99</p><a href="https://www.amazon.com/dp/B0DQLJJ5XT?tag=eloabder-20&linkCode=osi&th=1&psc=1">View Product</a></div>

<div class="product"><a href="https://www.amazon.com/dp/B07CYW78JY?tag=eloabder-20&linkCode=osi&th=1&psc=1"><img src="https://m.media-amazon.com/images/I/31PZUfPmUVL._SL500_.jpg" alt="Product Image"></a><p>California Costumes, King of The Jungle - Lion, Dog Costume Large</p><p> -39% 0FF </p><p>$15.27</p><a href="https://www.amazon.com/dp/B07CYW78JY?tag=eloabder-20&linkCode=osi&th=1&psc=1">View Product</a></div>
<div class="product"><a href="https://www.amazon.com/dp/B0DGL9BSWS?tag=eloabder-20&linkCode=osi&th=1&psc=1"><img src="https://m.media-amazon.com/images/I/51IZBwrejKL._SL500_.jpg" alt="Product Image"></a><p>Halypet Cat Harness and Leash Set [MAX Safety 4th-Gen Upgrade] Escape Proof Adjustable Cat Leash Comfortable Soft Vest Easy to Wear Kitten Harness with Reflective Strip for Cats Walking, XS Green</p><p> -20% 0FF </p><p>$13.59</p><a href="https://www.amazon.com/dp/B0DGL9BSWS?tag=eloabder-20&linkCode=osi&th=1&psc=1">View Product</a></div><div class="product"><a href="https://www.amazon.com/dp/B0F1TCFL1Q?tag=eloabder-20&linkCode=osi&th=1&psc=1"><img src="https://m.media-amazon.com/images/I/411MNyyz+3L._SL500_.jpg" alt="Product Image"></a><p>rabbitgoo Small Dog Harness, Step-in Soft Mesh Puppy Vest, Easy Walk with Safety Buckle, Breathable Reflective Pet Harness for Small Sized Dogs</p><p> -8% 0FF </p><p>$30.38</p><a href="https://www.amazon.com/dp/B0F1TCFL1Q?tag=eloabder-20&linkCode=osi&th=1&psc=1">View Product</a></div><div class="product"><a href="https://www.amazon.com/dp/B0F2LZ4Y9T?tag=eloabder-20&linkCode=osi&th=1&psc=1"><img src="https://m.media-amazon.com/images/I/413rLsz8xML._SL500_.jpg" alt="Product Image"></a><p>rabbitgoo Small Dog Harness, Step-in Soft Mesh Puppy Vest, Easy Walk with Safety Buckle, Breathable Reflective Pet Harness for Small Sized Dogs</p><p> -8% 0FF </p><p>$30.38</p><a href="https://www.amazon.com/dp/B0F2LZ4Y9T?tag=eloabder-20&linkCode=osi&th=1&psc=1">View Product</a></div>
<div class="product"><a href="https://www.amazon.com/dp/B0FG7XVF8Z?tag=eloabder-20&linkCode=osi&th=1&psc=1"><img src="https://m.media-amazon.com/images/I/41gaO1jHclL._SL500_.jpg" alt="Product Image"></a><p>Dog Tracker-GPS Dog Collar-GPS Tracker for Dogs-Pet Tracker for Dogs | Android and iOS Universal | No Monthly Fee | Waterproof | Works with Any Collar</p><p> -33% 0FF </p><p>$19.99</p><a href="https://www.amazon.com/dp/B0FG7XVF8Z?tag=eloabder-20&linkCode=osi&th=1&psc=1">View Product</a></div><div class="product"><a href="https://www.amazon.com/dp/B0FHHYX4G5?tag=eloabder-20&linkCode=osi&th=1&psc=1"><img src="https://m.media-amazon.com/images/I/41UoHeHXd9L._SL500_.jpg" alt="Product Image"></a><p>New Fi Series 3+ Smart Dog Collar - GPS Dog Tracker and Activity & New Fitness Monitor, Waterproof, LED Light, Escape Alerts, Nationwide Coverage [Free 6 Month Membership] (Pink, Medium)</p><p> -17% 0FF </p><p>$99.00</p><a href="https://www.amazon.com/dp/B0FHHYX4G5?tag=eloabder-20&linkCode=osi&th=1&psc=1">View Product</a></div>
<div class="product"><a href="https://www.amazon.com/dp/B0FJLF7L44?tag=eloabder-20&linkCode=osi&th=1&psc=1"><img src="https://m.media-amazon.com/images/I/41JOzyGDA3L._SL500_.jpg" alt="Product Image"></a><p>INVENHO Heated Cat Beds for Indoor Cats and Small Dogs, 20" Cozy Donut Heated Pet Bed with Timer & Temp Adjustable, Removable Waterproof Electric Warming Bed for Indoor Cat</p><p> -33% 0FF </p><p>$39.98</p><a href="https://www.amazon.com/dp/B0FJLF7L44?tag=eloabder-20&linkCode=osi&th=1&psc=1">View Product</a></div><div class="product"><a href="https://www.amazon.com/dp/B0FG7R1MF1?tag=eloabder-20&linkCode=osi&th=1&psc=1"><img src="https://m.media-amazon.com/images/I/414NBIuEnUL._SL500_.jpg" alt="Product Image"></a><p>Large Pet Heating Pad, Waterproof Heated Dog Cat Bed with 11 Adjustable Temperatures & 24H Timer, Auto Shut-Off, Chew-Resistant Cord, Washable Cover, Indoor Electric Heating Mat, Grey, L(35" x 24")</p><p> -33% 0FF </p><p>$39.98</p><a href="https://www.amazon.com/dp/B0FG7R1MF1?tag=eloabder-20&linkCode=osi&th=1&psc=1">View Product</a></div><div class="product"><a href="https://www.amazon.com/dp/B0FJ297BWH?tag=eloabder-20&linkCode=osi&th=1&psc=1"><img src="https://m.media-amazon.com/images/I/416TrAZ1CcL._SL500_.jpg" alt="Product Image"></a><p>Toove Heated Cat Bed Indoor - 20" Heating Donut Pet Bed for Cats and Small Dogs, Ultra Soft & Cozy Sleeping Cat Beds, Machine Washable, Waterproof & Safe Warming with Timer and Temperature Control</p><p> -40% 0FF </p><p>$35.98</p><a href="https://www.amazon.com/dp/B0FJ297BWH?tag=eloabder-20&linkCode=osi&th=1&psc=1">View Product</a></div><div class="product"><a href="https://www.amazon.com/dp/B07PH45YCD?tag=eloabder-20&linkCode=osi&th=1&psc=1"><img src="https://m.media-amazon.com/images/I/31PZB9TikkL._SL500_.jpg" alt="Product Image"></a><p>K&H Pet Products Lectro-Soft Orthopedic Outdoor Heated Dog and Cat Bed for Medium Dogs or Big Cats, Soft/Flexible Safety Listed Warming Pad, Waterproof, Washable Cover - Medium 24 X 19in Tan 40W</p><p> -5% 0FF </p><p>$75.62</p><a href="https://www.amazon.com/dp/B07PH45YCD?tag=eloabder-20&linkCode=osi&th=1&psc=1">View Product</a></div><div class="product"><a href="https://www.amazon.com/dp/B0B683451C?tag=eloabder-20&linkCode=osi&th=1&psc=1"><img src="https://m.media-amazon.com/images/I/41t4oZVH4FL._SL500_.jpg" alt="Product Image"></a><p>INVENHO Heated Cat Bed, Waterproof Adjustable Temperature Dog Cat Heating Pad with Timer, Indoor Pet Heating Pad for Cats Dogs Electric Pads for Dogs Cats, Pet Heated Pad (S: 18" x 16")</p><p> -30% 0FF </p><p>$27.98</p><a href="https://www.amazon.com/dp/B0B683451C?tag=eloabder-20&linkCode=osi&th=1&psc=1">View Product</a></div>
<div class="product"><a href="https://www.amazon.com/dp/B0C85D9LT3?tag=eloabder-20&linkCode=osi&th=1&psc=1"><img src="https://m.media-amazon.com/images/I/418DOElHohL._SL500_.jpg" alt="Product Image"></a><p>MoNiBloom Foldable Pet Stroller with Weather Cover, 3 Wheels Pet Strolling Cart for Small/Medium Dogs and Cats with Storage Basket and Cup Holder, Breathable and Visible Mesh for All-Season, Black</p><p> -34% 0FF </p><p>$46.54</p><a href="https://www.amazon.com/dp/B0C85D9LT3?tag=eloabder-20&linkCode=osi&th=1&psc=1">View Product</a></div><div class="product"><a href="https://www.amazon.com/dp/B0C85D7H92?tag=eloabder-20&linkCode=osi&th=1&psc=1"><img src="https://m.media-amazon.com/images/I/41wgVSYG8ML._SL500_.jpg" alt="Product Image"></a><p>MoNiBloom 3 Wheels Pet Stroller, Foldable Dog Cat Cage Jogger Stroller with Weather Cover for All-Season, Storage Basket and Cup Holder, Breathable and Visible Mesh for Small/Medium Pets, Blue</p><p> -23% 0FF </p><p>$53.99</p><a href="https://www.amazon.com/dp/B0C85D7H92?tag=eloabder-20&linkCode=osi&th=1&psc=1">View Product</a></div><div class="product"><a href="https://www.amazon.com/dp/B00SGMIKF6?tag=eloabder-20&linkCode=osi&th=1&psc=1"><img src="https://m.media-amazon.com/images/I/41lNHFLM4lL._SL500_.jpg" alt="Product Image"></a><p>BestPet | 3-Wheel Pet Stroller | Dog and Cat Stroller | Breathable Mesh | Lightweight Travel Carrier | Waterproof & Foldable Design | Storage Basket | Black | for Daily Walks & Outdoor Use</p><p> -25% 0FF </p><p>$44.99</p><a href="https://www.amazon.com/dp/B00SGMIKF6?tag=eloabder-20&linkCode=osi&th=1&psc=1">View Product</a></div><div class="product"><a href="https://www.amazon.com/dp/B0DBPS43RH?tag=eloabder-20&linkCode=osi&th=1&psc=1"><img src="https://m.media-amazon.com/images/I/41617xgqkgL._SL500_.jpg" alt="Product Image"></a><p>MoNiBloom 3 Wheels Pet Dog Cat Stroller for Small Medium Dogs and Cats, Lightweight Foldable Jogger Stroller w/Storage Basket and Cup Holder, Gray</p><p> -22% 0FF </p><p>$56.98</p><a href="https://www.amazon.com/dp/B0DBPS43RH?tag=eloabder-20&linkCode=osi&th=1&psc=1">View Product</a></div>
<div class="product"><a href="https://www.amazon.com/dp/B0F83V87M6?tag=eloabder-20&linkCode=osi&th=1&psc=1"><img src="https://m.media-amazon.com/images/I/515z4HsNRrL._SL500_.jpg" alt="Product Image"></a><p>HBTower 63" Long & 17.3" Wide Folding Dog Ramp for Car, SUV & Truck – Portable Pet Ramp with Non-Slip Surface, Extra Wide Steps for Large Dogs Up to 250LBS</p><p> -20% 0FF </p><p>$67.99</p><a href="https://www.amazon.com/dp/B0F83V87M6?tag=eloabder-20&linkCode=osi&th=1&psc=1">View Product</a></div><div class="product"><a href="https://www.amazon.com/dp/B0DJLKLX6B?tag=eloabder-20&linkCode=osi&th=1&psc=1"><img src="https://m.media-amazon.com/images/I/518SIf-V0EL._SL500_.jpg" alt="Product Image"></a><p>Dog Ramp for Car 𝟕𝟏”𝐱𝟐𝟎” Large Folding Pet Stair Ramps for Truck, SUV, with Non-Slip Surface, Up to 250LBS, Outdoor Dog Car Ramp for Medium & Large Dogs, Portable Pet Steps</p><p> -5% 0FF </p><p>$123.99</p><a href="https://www.amazon.com/dp/B0DJLKLX6B?tag=eloabder-20&linkCode=osi&th=1&psc=1">View Product</a></div><div class="product"><a href="https://www.amazon.com/dp/B0016HPTFW?tag=eloabder-20&linkCode=osi&th=1&psc=1"><img src="https://m.media-amazon.com/images/I/311yqmsWpbL._SL500_.jpg" alt="Product Image"></a><p>PetSafe Happy Ride Compact Telescoping Dog Ramp - Portable Pet Ramp for Cars, Trucks & SUVs with Adjustable Sizing - Non-Slip Design - Lightweight Pet Mobility Assistance - Extra Long</p><p> -15% 0FF </p><p>$169.95</p><a href="https://www.amazon.com/dp/B0016HPTFW?tag=eloabder-20&linkCode=osi&th=1&psc=1">View Product</a></div><div class="product"><a href="https://www.amazon.com/dp/B0F13FY1S9?tag=eloabder-20&linkCode=osi&th=1&psc=1"><img src="https://m.media-amazon.com/images/I/51ZMQIHvq8L._SL500_.jpg" alt="Product Image"></a><p>Dog Ramps for Stairs, Wooden Pet Ramp Stairs for Small Medium Dogs, Non-Slip Dog Pet Steps for Any Staircase, Stair Ramp for Injured Dogs with Anti-Slip Strip, 4 Pack</p><p> -14% 0FF </p><p>$75.99</p><a href="https://www.amazon.com/dp/B0F13FY1S9?tag=eloabder-20&linkCode=osi&th=1&psc=1">View Product</a></div>
<div class="product"><a href="https://www.amazon.com/dp/B0CKQV4R3C?tag=eloabder-20&linkCode=osi&th=1&psc=1"><img src="https://m.media-amazon.com/images/I/51NBxEiCdfL._SL500_.jpg" alt="Product Image"></a><p>rabbitgoo Dog Car Barrier for SUVs, Adjustable Large Pet Gate, Universal-Fit Divider Cargo Net, Heavy-Duty Wire Mesh Dog Barrier SUV, Van Vehicles Subaru Car Accessories Safety Travel, Triple Folding</p><p> -11% 0FF </p><p>$39.98 ($39.98 / count)</p><a href="https://www.amazon.com/dp/B0CKQV4R3C?tag=eloabder-20&linkCode=osi&th=1&psc=1">View Product</a></div><div class="product"><a href="https://www.amazon.com/dp/B00JZHRYFI?tag=eloabder-20&linkCode=osi&th=1&psc=1"><img src="https://m.media-amazon.com/images/I/31-rkLAhGAL._SL500_.jpg" alt="Product Image"></a><p>PetSafe Happy Ride Metal Dog Barrier, Pet Gate Vehicle Divider for Cars, Minivans & SUVs</p><p> -13% 0FF </p><p>$64.95</p><a href="https://www.amazon.com/dp/B00JZHRYFI?tag=eloabder-20&linkCode=osi&th=1&psc=1">View Product</a></div><div class="product"><a href="https://www.amazon.com/dp/B0FCX28XQC?tag=eloabder-20&linkCode=osi&th=1&psc=1"><img src="https://m.media-amazon.com/images/I/41HCaZSvBmL._SL500_.jpg" alt="Product Image"></a><p>FLYSPEAR Wireless Pet Barrier - Rechargeable Indoor Barrier with 6 Adjustable Range Radius up to 7 ft, 6 Adjustable Safe Static Intensity, Electric Fence System for Dogs with Hook</p><p> -10% 0FF </p><p>$89.99</p><a href="https://www.amazon.com/dp/B0FCX28XQC?tag=eloabder-20&linkCode=osi&th=1&psc=1">View Product</a></div>

<div class="product"><a href="https://www.amazon.com/dp/B09K8YYVWV?tag=eloabder-20&linkCode=osi&th=1&psc=1"><img src="https://m.media-amazon.com/images/I/4123dxF1ijL._SL500_.jpg" alt="Product Image"></a><p>Blue Buffalo Life Protection Formula Natural Adult Dry Dog Food, Chicken and Brown Rice 5-lb Trial Size Bag</p><p> -17% 0FF </p><p>$14.98 ($3.00 / lb)</p><a href="https://www.amazon.com/dp/B09K8YYVWV?tag=eloabder-20&linkCode=osi&th=1&psc=1">View Product</a></div><div class="product"><a href="https://www.amazon.com/dp/B0000AH3QT?tag=eloabder-20&linkCode=osi&th=1&psc=1"><img src="https://m.media-amazon.com/images/I/41FXHOzdCWL._SL500_.jpg" alt="Product Image"></a><p>Purina ONE Chicken and Rice Formula Dry Dog Food - 8 lb. Bag</p><p> -9% 0FF </p><p>$16.28 ($2.04 / lb)</p><a href="https://www.amazon.com/dp/B0000AH3QT?tag=eloabder-20&linkCode=osi&th=1&psc=1">View Product</a></div><div class="product"><a href="https://www.amazon.com/dp/B09K9FDLFN?tag=eloabder-20&linkCode=osi&th=1&psc=1"><img src="https://m.media-amazon.com/images/I/41fn4P3zY0L._SL500_.jpg" alt="Product Image"></a><p>Blue Buffalo Life Protection Formula Natural Adult Small Breed Dry Dog Food, Chicken and Brown Rice 5-lb Trial Size Bag</p><p> -13% 0FF </p><p>$17.48 ($3.50 / lb)</p><a href="https://www.amazon.com/dp/B09K9FDLFN?tag=eloabder-20&linkCode=osi&th=1&psc=1">View Product</a></div><div class="product"><a href="https://www.amazon.com/dp/B009IOCCD2?tag=eloabder-20&linkCode=osi&th=1&psc=1"><img src="https://m.media-amazon.com/images/I/41hzdgAAhmL._SL500_.jpg" alt="Product Image"></a><p>Purina ONE Dry Dog Food Lamb and Rice Formula - 31.1 lb. Bag</p><p> -17% 0FF </p><p>$48.98 ($1.57 / lb)</p><a href="https://www.amazon.com/dp/B009IOCCD2?tag=eloabder-20&linkCode=osi&th=1&psc=1">View Product</a></div><div class="product"><a href="https://www.amazon.com/dp/B06WGLV27L?tag=eloabder-20&linkCode=osi&th=1&psc=1"><img src="https://m.media-amazon.com/images/I/41+bgu7zfAL._SL500_.jpg" alt="Product Image"></a><p>Nutrish Dry Dog Food, Real Beef, Pea & Brown Rice Recipe Whole Health Blend for Adult Dogs, 40 lb. Bag, Packaging May Vary (Rachael Ray)</p><p> -26% 0FF </p><p>$43.99 ($1.10 / lb)</p><a href="https://www.amazon.com/dp/B06WGLV27L?tag=eloabder-20&linkCode=osi&th=1&psc=1">View Product</a></div><div class="product"><a href="https://www.amazon.com/dp/B0009YWKUA?tag=eloabder-20&linkCode=osi&th=1&psc=1"><img src="https://m.media-amazon.com/images/I/41gZ78TZzBL._SL500_.jpg" alt="Product Image"></a><p>Blue Buffalo Life Protection Formula Adult Dry Dog Food, Helps Build and Maintain Strong Muscles, Made with Natural Ingredients, Chicken & Brown Rice Recipe, 30-lb. Bag</p><p> -11% 0FF </p><p>$66.99 ($2.23 / lb)</p><a href="https://www.amazon.com/dp/B0009YWKUA?tag=eloabder-20&linkCode=osi&th=1&psc=1">View Product</a></div><div class="product"><a href="https://www.amazon.com/dp/B0009YUGAG?tag=eloabder-20&linkCode=osi&th=1&psc=1"><img src="https://m.media-amazon.com/images/I/41s0BUVfCbL._SL500_.jpg" alt="Product Image"></a><p>Blue Buffalo Life Protection Formula Adult Dry Dog Food, Helps Build and Maintain Strong Muscles, Made with Natural Ingredients, Chicken & Brown Rice Recipe, 15-lb. Bag</p><p> -15% 0FF </p><p>$37.98 ($2.53 / lb)</p><a href="https://www.amazon.com/dp/B0009YUGAG?tag=eloabder-20&linkCode=osi&th=1&psc=1">View Product</a></div>
<div class="product"><a href="https://www.amazon.com/dp/B0BFPJJTR9?tag=eloabder-20&linkCode=osi&th=1&psc=1"><img src="https://m.media-amazon.com/images/I/511o77BB+6L._SL500_.jpg" alt="Product Image"></a><p>Joytale Dog Leash for Large Dogs, Heavy Duty Nylon Leashes with Comfortable Padded Handle and Highly Reflective Threads, Ideal for Walking and Training, Black, 6'×1/2''</p><p> -10% 0FF </p><p>$7.19</p><a href="https://www.amazon.com/dp/B0BFPJJTR9?tag=eloabder-20&linkCode=osi&th=1&psc=1">View Product</a></div><div class="product"><a href="https://www.amazon.com/dp/B076F7HM8T?tag=eloabder-20&linkCode=osi&th=1&psc=1"><img src="https://m.media-amazon.com/images/I/41Qlfdjpa1L._SL500_.jpg" alt="Product Image"></a><p>TUG 360° Tangle-Free Retractable Dog Leash | 16 ft Strong Nylon Tape | One-Handed Brake, Pause, Lock (Medium, White)</p><p> -12% 0FF </p><p>$18.99</p><a href="https://www.amazon.com/dp/B076F7HM8T?tag=eloabder-20&linkCode=osi&th=1&psc=1">View Product</a></div><div class="product"><a href="https://www.amazon.com/dp/B095C8RXSH?tag=eloabder-20&linkCode=osi&th=1&psc=1"><img src="https://m.media-amazon.com/images/I/518Mz7ChiHL._SL500_.jpg" alt="Product Image"></a><p>Taglory Rope Dog Leash 6 FT with Comfortable Padded Handle, Highly Reflective Threads Leash for Medium Large Dogs, 1/2 inch, Hotpink</p><p> -36% 0FF </p><p>$9.99 ($9.99 / count)</p><a href="https://www.amazon.com/dp/B095C8RXSH?tag=eloabder-20&linkCode=osi&th=1&psc=1">View Product</a></div><div class="product"><a href="https://www.amazon.com/dp/B078SLM45M?tag=eloabder-20&linkCode=osi&th=1&psc=1"><img src="https://m.media-amazon.com/images/I/41cyg8ILTTL._SL500_.jpg" alt="Product Image"></a><p>TUG 360° Tangle-Free Retractable Dog Leash | 16 ft Strong Nylon Tape | One-Handed Brake, Pause, Lock (Large, White)</p><p> -14% 0FF </p><p>$21.99</p><a href="https://www.amazon.com/dp/B078SLM45M?tag=eloabder-20&linkCode=osi&th=1&psc=1">View Product</a></div>
<div class="product"><a href="https://www.amazon.com/dp/B0DGL4H82X?tag=eloabder-20&linkCode=osi&th=1&psc=1"><img src="https://m.media-amazon.com/images/I/51pDCCmAQNL._SL500_.jpg" alt="Product Image"></a><p>Halypet Cat Harness and Leash Set [MAX Safety 4th-Gen Upgrade] Escape Proof Adjustable Cat Leash Comfortable Soft Vest Easy to Wear Kitten Harness with Reflective Strip for Cats Walking, M Black</p><p> -28% 0FF </p><p>$10.79</p><a href="https://www.amazon.com/dp/B0DGL4H82X?tag=eloabder-20&linkCode=osi&th=1&psc=1">View Product</a></div><div class="product"><a href="https://www.amazon.com/dp/B000OGRDK0?tag=eloabder-20&linkCode=osi&th=1&psc=1"><img src="https://m.media-amazon.com/images/I/31tfSFnHwmL._SL500_.jpg" alt="Product Image"></a><p>PetSafe Nylon Leash - Chew-Resistant Cat & Dog Behavioral Training Leash - Compatible with Easy-Walk Harness - Traditional-Style Reliable Pet Lead with a Padded Hand Wrap - 3/8" x 6' - Black</p><p> -15% 0FF </p><p>$4.24</p><a href="https://www.amazon.com/dp/B000OGRDK0?tag=eloabder-20&linkCode=osi&th=1&psc=1">View Product</a></div><div class="product"><a href="https://www.amazon.com/dp/B0DGL21M78?tag=eloabder-20&linkCode=osi&th=1&psc=1"><img src="https://m.media-amazon.com/images/I/51pDCCmAQNL._SL500_.jpg" alt="Product Image"></a><p>Halypet Cat Harness and Leash Set - MAX Safety 4th-Gen Upgrade, Escape Proof, Adjustable, Comfortable Soft Vest, Easy to Wear Kitten Harness with Reflective Strip for Cats Walking - Small Black</p><p> -25% 0FF </p><p>$11.24</p><a href="https://www.amazon.com/dp/B0DGL21M78?tag=eloabder-20&linkCode=osi&th=1&psc=1">View Product</a></div>
<div class="product"><a href="https://www.amazon.com/dp/B08CCG96FR?tag=eloabder-20&linkCode=osi&th=1&psc=1"><img src="https://m.media-amazon.com/images/I/519rYYNcfDL._SL500_.jpg" alt="Product Image"></a><p>Best Pet Supplies Voyager Step-in Air Harness - All Weather Mesh, Reflective, No Pull Harness for Dogs, Cats - Secure with Hook & Loop Fastener, Buckle, Double D-Rings - Fuchsia, S</p><p> -39% 0FF </p><p>$9.07</p><a href="https://www.amazon.com/dp/B08CCG96FR?tag=eloabder-20&linkCode=osi&th=1&psc=1">View Product</a></div><div class="product"><a href="https://www.amazon.com/dp/B0F134YP3R?tag=eloabder-20&linkCode=osi&th=1&psc=1"><img src="https://m.media-amazon.com/images/I/41WVEg4wn7L._SL500_.jpg" alt="Product Image"></a><p>Bruvoalon Heavy-Duty Tactical Dog Harness for Large Dogs, No Pull Adjustable Reflective K9 Vest with Molle System, 12 Colors & 4 Sizes, Military-Grade Control for Training, Outdoor & 10+ Breeds</p><p> -24% 0FF </p><p>$15.19</p><a href="https://www.amazon.com/dp/B0F134YP3R?tag=eloabder-20&linkCode=osi&th=1&psc=1">View Product</a></div><div class="product"><a href="https://www.amazon.com/dp/B0DGXJWK9J?tag=eloabder-20&linkCode=osi&th=1&psc=1"><img src="https://m.media-amazon.com/images/I/51mncolU3aL._SL500_.jpg" alt="Product Image"></a><p>SlowTon No Pull Dog Harness - Heavy Duty Dog Harness and Leash Set for Medium Large Dogs, Reflective Tactical Harness with Soft Padded and Front Clip for Easy Walk and Training (Black L)</p><p> -13% 0FF </p><p>$19.99</p><a href="https://www.amazon.com/dp/B0DGXJWK9J?tag=eloabder-20&linkCode=osi&th=1&psc=1">View Product</a></div><div class="product"><a href="https://www.amazon.com/dp/B0DRJYND78?tag=eloabder-20&linkCode=osi&th=1&psc=1"><img src="https://m.media-amazon.com/images/I/41NZVoj8wjL._SL500_.jpg" alt="Product Image"></a><p>Wisedog Reflective No Pull Dog Harness - Adjustable Lightweight Pet Vest with 3 Fast-Release Buckles for Dogs Walking, Running and Training(M, Orange)</p><p> -50% 0FF </p><p>$5.59</p><a href="https://www.amazon.com/dp/B0DRJYND78?tag=eloabder-20&linkCode=osi&th=1&psc=1">View Product</a></div><div class="product"><a href="https://www.amazon.com/dp/B0FFV1QZVJ?tag=eloabder-20&linkCode=osi&th=1&psc=1"><img src="https://m.media-amazon.com/images/I/41BPzHU2wsL._SL500_.jpg" alt="Product Image"></a><p>PWOD No Pull Dog Harness with 2 Leash Clips, Reflective Adjustable Soft Padded Vest with Handle, Breathable Oxford No Choke Pet Vest for Large Dogs, Black,L</p><p> -30% 0FF </p><p>$13.99</p><a href="https://www.amazon.com/dp/B0FFV1QZVJ?tag=eloabder-20&linkCode=osi&th=1&psc=1">View Product</a></div><div class="product"><a href="https://www.amazon.com/dp/B0792XS9B1?tag=eloabder-20&linkCode=osi&th=1&psc=1"><img src="https://m.media-amazon.com/images/I/510eqOLi1TL._SL500_.jpg" alt="Product Image"></a><p>PoyPet No Pull Dog Harness, No Choke Front Lead Dog Reflective Harness, Adjustable Soft Padded Pet Vest with Easy Control Handle for Small to Large Dogs(Pink, Medium)</p><p> -11% 0FF </p><p>$11.99 ($11.99 / count)</p><a href="https://www.amazon.com/dp/B0792XS9B1?tag=eloabder-20&linkCode=osi&th=1&psc=1">View Product</a></div>
<div class="product"><a href="https://www.amazon.com/dp/B08CCGRW5D?tag=eloabder-20&linkCode=osi&th=1&psc=1"><img src="https://m.media-amazon.com/images/I/519rYYNcfDL._SL500_.jpg" alt="Product Image"></a><p>Best Pet Supplies Voyager Step-in Air Harness - All Weather Mesh, Reflective, No Pull Harness for Dogs, Cats - Secure with Hook & Loop Fastener, Buckle, Double D-Rings - Fuchsia, M</p><p> -13% 0FF </p><p>$12.99</p><a href="https://www.amazon.com/dp/B08CCGRW5D?tag=eloabder-20&linkCode=osi&th=1&psc=1">View Product</a></div>
<div class="product"><a href="https://www.amazon.com/dp/B005CUTWDE?tag=eloabder-20&linkCode=osi&th=1&psc=1"><img src="https://m.media-amazon.com/images/I/41j4IEfx6wL._SL500_.jpg" alt="Product Image"></a><p>Wahl USA Dry Skin & Itch Relief Pet Shampoo for Dogs – Oatmeal Formula with Coconut Lime Verbena Scent & Pet Friendly Formula, 24 Oz - Model 820004A</p><p> -10% 0FF </p><p>$8.97</p><a href="https://www.amazon.com/dp/B005CUTWDE?tag=eloabder-20&linkCode=osi&th=1&psc=1">View Product</a></div><div class="product"><a href="https://www.amazon.com/dp/B0791LY9MW?tag=eloabder-20&linkCode=osi&th=1&psc=1"><img src="https://m.media-amazon.com/images/I/510j7m4z+0L._SL500_.jpg" alt="Product Image"></a><p>PAWFUME Deshedding Dog Shampoo and Conditioner, Show Dog, 1-Pack – Nourish & Detangle for Silky Soft Coat – Probiotic, Deep-Cleaning, pH-Balanced Formula – Salon-Quality Shampoo for Dogs</p><p> -13% 0FF </p><p>$13.99 ($1.17 / fluid ounce)</p><a href="https://www.amazon.com/dp/B0791LY9MW?tag=eloabder-20&linkCode=osi&th=1&psc=1">View Product</a></div><div class="product"><a href="https://www.amazon.com/dp/B079T3KSYL?tag=eloabder-20&linkCode=osi&th=1&psc=1"><img src="https://m.media-amazon.com/images/I/411+lEo81xL._SL500_.jpg" alt="Product Image"></a><p>Wahl USA 4-in-1 Calming Pet Shampoo for Dogs with a Lavender Chamomile Scent – Cleans, Conditions, Detangles, & Moisturizes - Pet Friendly Formula – 64 Oz - Model 821000-050</p><p> -10% 0FF </p><p>$21.53 ($0.34 / fluid ounce)</p><a href="https://www.amazon.com/dp/B079T3KSYL?tag=eloabder-20&linkCode=osi&th=1&psc=1">View Product</a></div><div class="product"><a href="https://www.amazon.com/dp/B079T44C3J?tag=eloabder-20&linkCode=osi&th=1&psc=1"><img src="https://m.media-amazon.com/images/I/41aKOigtAPL._SL500_.jpg" alt="Product Image"></a><p>Wahl USA Dry Skin & Itch Relief Pet Shampoo for Dogs – Oatmeal Formula with Coconut Lime Verbena Scent - 64 Oz - Model 821004-050</p><p> -18% 0FF </p><p>$16.48</p><a href="https://www.amazon.com/dp/B079T44C3J?tag=eloabder-20&linkCode=osi&th=1&psc=1">View Product</a></div><div class="product"><a href="https://www.amazon.com/dp/B0DF3W6L1Y?tag=eloabder-20&linkCode=osi&th=1&psc=1"><img src="https://m.media-amazon.com/images/I/314vZFKBT5L._SL500_.jpg" alt="Product Image"></a><p>MRS. MEYER'S Clean Day 3 in 1 Dog Shampoo, Sweet Chamomile Scent, 14oz</p><p> -25% 0FF </p><p>$13.54 ($0.97 / fluid ounce)</p><a href="https://www.amazon.com/dp/B0DF3W6L1Y?tag=eloabder-20&linkCode=osi&th=1&psc=1">View Product</a></div><div class="product"><a href="https://www.amazon.com/dp/B0DF3S2ZFQ?tag=eloabder-20&linkCode=osi&th=1&psc=1"><img src="https://m.media-amazon.com/images/I/31a6kZ5IHLL._SL500_.jpg" alt="Product Image"></a><p>MRS. MEYER'S Clean Day 3 in 1 Dog Shampoo, White Peach Scent, 14oz</p><p> -36% 0FF </p><p>$11.59 ($0.83 / fluid ounce)</p><a href="https://www.amazon.com/dp/B0DF3S2ZFQ?tag=eloabder-20&linkCode=osi&th=1&psc=1">View Product</a></div>
<div class="product"><a href="https://www.amazon.com/dp/B0002J1FOE?tag=eloabder-20&linkCode=osi&th=1&psc=1"><img src="https://m.media-amazon.com/images/I/41MQpL7i06L._SL500_.jpg" alt="Product Image"></a><p>FRONTLINE Plus Flea and Tick Treatment for Large Dogs Up to 45 to 88 lbs. 3 Treatments</p><p> -22% 0FF </p><p>$34.98 ($11.66 / count)</p><a href="https://www.amazon.com/dp/B0002J1FOE?tag=eloabder-20&linkCode=osi&th=1&psc=1">View Product</a></div><div class="product"><a href="https://www.amazon.com/dp/B0002J1F76?tag=eloabder-20&linkCode=osi&th=1&psc=1"><img src="https://m.media-amazon.com/images/I/41dCAf46o0L._SL500_.jpg" alt="Product Image"></a><p>FRONTLINE Plus Flea and Tick Treatment for Cats Over 1.5 lbs. 3 Treatments</p><p> -11% 0FF </p><p>$39.98 ($783.92 / fluid ounce)</p><a href="https://www.amazon.com/dp/B0002J1F76?tag=eloabder-20&linkCode=osi&th=1&psc=1">View Product</a></div><div class="product"><a href="https://www.amazon.com/dp/B0F2HPNQ1W?tag=eloabder-20&linkCode=osi&th=1&psc=1"><img src="https://m.media-amazon.com/images/I/51DP4EE9hiL._SL500_.jpg" alt="Product Image"></a><p>Chewable Flea and Tick Prevention for Dogs - 120 Soft Chews Made in USA - Oral Flea and Tick Control Pills for Small, Medium, Large Dogs and Puppies - Skin and Coat Supplement Treats for All Breeds</p><p> -29% 0FF </p><p>$19.99 ($0.17 / count)</p><a href="https://www.amazon.com/dp/B0F2HPNQ1W?tag=eloabder-20&linkCode=osi&th=1&psc=1">View Product</a></div><div class="product"><a href="https://www.amazon.com/dp/B0002J1FN0?tag=eloabder-20&linkCode=osi&th=1&psc=1"><img src="https://m.media-amazon.com/images/I/41Ife-kF7uL._SL500_.jpg" alt="Product Image"></a><p>FRONTLINE Plus Flea and Tick Treatment for Medium Dogs Up to 23 to 44 lbs. 3 Treatments</p><p> -11% 0FF </p><p>$39.98 ($13.33 / count)</p><a href="https://www.amazon.com/dp/B0002J1FN0?tag=eloabder-20&linkCode=osi&th=1&psc=1">View Product</a></div><div class="product"><a href="https://www.amazon.com/dp/B00WWP1MIK?tag=eloabder-20&linkCode=osi&th=1&psc=1"><img src="https://m.media-amazon.com/images/I/513P0basXRL._SL500_.jpg" alt="Product Image"></a><p>PetArmor Plus Flea and Tick Prevention for Dogs, Large Dog Flea and Tick Treatment, 3 Doses, Waterproof Topical, Fast Acting (45-88 lbs)</p><p> -37% 0FF </p><p>$18.30 ($6.10 / count)</p><a href="https://www.amazon.com/dp/B00WWP1MIK?tag=eloabder-20&linkCode=osi&th=1&psc=1">View Product</a></div>
<div class="product"><a href="https://www.amazon.com/dp/B0009X29WK?tag=eloabder-20&linkCode=osi&th=1&psc=1"><img src="https://m.media-amazon.com/images/I/51aLRVazcoL._SL500_.jpg" alt="Product Image"></a><p>Dr. Elsey's Ultra UnScented Clumping Clay Cat Litter 40 lb. Bag</p><p> -13% 0FF </p><p>$20.99 ($0.03 / fluid ounce)</p><a href="https://www.amazon.com/dp/B0009X29WK?tag=eloabder-20&linkCode=osi&th=1&psc=1">View Product</a></div><div class="product"><a href="https://www.amazon.com/dp/B089LLHMQL?tag=eloabder-20&linkCode=osi&th=1&psc=1"><img src="https://m.media-amazon.com/images/I/51WhnzWdn4L._SL500_.jpg" alt="Product Image"></a><p>ARM & HAMMER Clump & Seal SLIDE Platinum Multi-Cat Clumping Cat Litter, 14-Day Odor Control, EZ Clean Technology, 18 lbs – No Scrubbing, Powerful Odor Eliminator</p><p> -5% 0FF </p><p>$17.99 ($0.06 / fluid ounce)</p><a href="https://www.amazon.com/dp/B089LLHMQL?tag=eloabder-20&linkCode=osi&th=1&psc=1">View Product</a></div><div class="product"><a href="https://www.amazon.com/dp/B0D1LK2G5C?tag=eloabder-20&linkCode=osi&th=1&psc=1"><img src="https://m.media-amazon.com/images/I/41AT3luVpaL._SL500_.jpg" alt="Product Image"></a><p>Cat's Pride New Antibacterial Cat Litter: Destroys 99.9% of Odor-Causing Bacteria - Powerful Odor Control - Premium Lightweight Clumping Litter - Scented, 12 Pounds</p><p> -5% 0FF </p><p>$9.48 ($0.79 / pound)</p><a href="https://www.amazon.com/dp/B0D1LK2G5C?tag=eloabder-20&linkCode=osi&th=1&psc=1">View Product</a></div><div class="product"><a href="https://www.amazon.com/dp/B0DJDNXZYF?tag=eloabder-20&linkCode=osi&th=1&psc=1"><img src="https://m.media-amazon.com/images/I/51GV-bHkChL._SL500_.jpg" alt="Product Image"></a><p>Fresh Step Clumping Cat Litter, Heavy Duty Advanced, Long Lasting 30-Day Odor Control with Odor Eliminating Carbon, 17.5 lb</p><p> -8% 0FF </p><p>$16.80 ($0.96 / pound)</p><a href="https://www.amazon.com/dp/B0DJDNXZYF?tag=eloabder-20&linkCode=osi&th=1&psc=1">View Product</a></div>
<div class="product"><a href="https://www.amazon.com/dp/B0DCNNN5FC?tag=eloabder-20&linkCode=osi&th=1&psc=1"><img src="https://m.media-amazon.com/images/I/51LR5ZHaD4L._SL500_.jpg" alt="Product Image"></a><p>Frienhund Automatic Cat Feeder with 2K Camera: 5G WiFi Automatic Dog Feeder with Night Vision,Cat Food Dispenser with 7L Large Food Storage Container for Multiple Pet,Detachable for Easy Clean -29 Cup</p><p> -17% 0FF </p><p>$57.99</p><a href="https://www.amazon.com/dp/B0DCNNN5FC?tag=eloabder-20&linkCode=osi&th=1&psc=1">View Product</a></div><div class="product"><a href="https://www.amazon.com/dp/B09LD2CD1L?tag=eloabder-20&linkCode=osi&th=1&psc=1"><img src="https://m.media-amazon.com/images/I/31FCol5w8TL._SL500_.jpg" alt="Product Image"></a><p>VOLUAS Automatic Cat Feeders - Timed Pet Feeder for Cats and Dogs with Dry Food Dispenser, Desiccant Bag, Programmable Portion Control, 4 Daily Meals, 10s Voice Recorder</p><p> -27% 0FF </p><p>$39.98</p><a href="https://www.amazon.com/dp/B09LD2CD1L?tag=eloabder-20&linkCode=osi&th=1&psc=1">View Product</a></div><div class="product"><a href="https://www.amazon.com/dp/B0DT47H4JJ?tag=eloabder-20&linkCode=osi&th=1&psc=1"><img src="https://m.media-amazon.com/images/I/41sK3MB5zTL._SL500_.jpg" alt="Product Image"></a><p>Frienhund Automatic Cat Feeder 2 Cats with Slow Feed: Dual Automatic Dog Feeder with 5G WiFi, Cat Food Dispenser with APP Control for Multiple Pets, Detachable for Easy Clean, Double Pet Bowl - 29 Cup</p><p> -19% 0FF </p><p>$56.98</p><a href="https://www.amazon.com/dp/B0DT47H4JJ?tag=eloabder-20&linkCode=osi&th=1&psc=1">View Product</a></div><div class="product"><a href="https://www.amazon.com/dp/B0F9WLTTLC?tag=eloabder-20&linkCode=osi&th=1&psc=1"><img src="https://m.media-amazon.com/images/I/41oqhTdVBgL._SL500_.jpg" alt="Product Image"></a><p>HoneyGuaridan Automatic Cat Feeder for Two Cats, 5G WiFi Smart Feed Pet Feeder with Stainless Steel Bowl,APP Control Dispenser, Dual Power Supply,Desiccant Bag,10s Meal Call Black</p><p> -20% 0FF </p><p>$55.99</p><a href="https://www.amazon.com/dp/B0F9WLTTLC?tag=eloabder-20&linkCode=osi&th=1&psc=1">View Product</a></div><div class="product"><a href="https://www.amazon.com/dp/B09S8WMJY9?tag=eloabder-20&linkCode=osi&th=1&psc=1"><img src="https://m.media-amazon.com/images/I/41BhIBNEoGL._SL500_.jpg" alt="Product Image"></a><p>PETLIBRO Automatic Cat Feeder, 5G WiFi Automatic Dog Food Dispenser with Freshness Preservation, 5L Timed Pet Feeder with Low Food Sensor, Up to 10 Meals Per Day, Granary Black</p><p> -10% 0FF </p><p>$89.99</p><a href="https://www.amazon.com/dp/B09S8WMJY9?tag=eloabder-20&linkCode=osi&th=1&psc=1">View Product</a></div><div class="product"><a href="https://www.amazon.com/dp/B0DQLJJ5XT?tag=eloabder-20&linkCode=osi&th=1&psc=1"><img src="https://m.media-amazon.com/images/I/31AWcXWoThL._SL500_.jpg" alt="Product Image"></a><p>Dual Automatic Cat Feeder 2 Cats,6 Meals/Day,12 Portions/Meal,4.2L Dual Power Double Bowls Feeder,Dry Food Auto Pet Dispenser,10S Voice Record,Flexible Schedule Timer (Black,Stainless Dual Bowls)</p><p> -40% 0FF </p><p>$29.99</p><a href="https://www.amazon.com/dp/B0DQLJJ5XT?tag=eloabder-20&linkCode=osi&th=1&psc=1">View Product</a></div>

<div class="product"><a href="https://www.amazon.com/dp/B07CYW78JY?tag=eloabder-20&linkCode=osi&th=1&psc=1"><img src="https://m.media-amazon.com/images/I/31PZUfPmUVL._SL500_.jpg" alt="Product Image"></a><p>California Costumes, King of The Jungle - Lion, Dog Costume Large</p><p> -39% 0FF </p><p>$15.27</p><a href="https://www.amazon.com/dp/B07CYW78JY?tag=eloabder-20&linkCode=osi&th=1&psc=1">View Product</a></div>
<div class="product"><a href="https://www.amazon.com/dp/B0DGL9BSWS?tag=eloabder-20&linkCode=osi&th=1&psc=1"><img src="https://m.media-amazon.com/images/I/51IZBwrejKL._SL500_.jpg" alt="Product Image"></a><p>Halypet Cat Harness and Leash Set [MAX Safety 4th-Gen Upgrade] Escape Proof Adjustable Cat Leash Comfortable Soft Vest Easy to Wear Kitten Harness with Reflective Strip for Cats Walking, XS Green</p><p> -20% 0FF </p><p>$13.59</p><a href="https://www.amazon.com/dp/B0DGL9BSWS?tag=eloabder-20&linkCode=osi&th=1&psc=1">View Product</a></div><div class="product"><a href="https://www.amazon.com/dp/B0F1TCFL1Q?tag=eloabder-20&linkCode=osi&th=1&psc=1"><img src="https://m.media-amazon.com/images/I/411MNyyz+3L._SL500_.jpg" alt="Product Image"></a><p>rabbitgoo Small Dog Harness, Step-in Soft Mesh Puppy Vest, Easy Walk with Safety Buckle, Breathable Reflective Pet Harness for Small Sized Dogs</p><p> -8% 0FF </p><p>$30.38</p><a href="https://www.amazon.com/dp/B0F1TCFL1Q?tag=eloabder-20&linkCode=osi&th=1&psc=1">View Product</a></div><div class="product"><a href="https://www.amazon.com/dp/B0F2LZ4Y9T?tag=eloabder-20&linkCode=osi&th=1&psc=1"><img src="https://m.media-amazon.com/images/I/413rLsz8xML._SL500_.jpg" alt="Product Image"></a><p>rabbitgoo Small Dog Harness, Step-in Soft Mesh Puppy Vest, Easy Walk with Safety Buckle, Breathable Reflective Pet Harness for Small Sized Dogs</p><p> -8% 0FF </p><p>$30.38</p><a href="https://www.amazon.com/dp/B0F2LZ4Y9T?tag=eloabder-20&linkCode=osi&th=1&psc=1">View Product</a></div>
<div class="product"><a href="https://www.amazon.com/dp/B0FG7XVF8Z?tag=eloabder-20&linkCode=osi&th=1&psc=1"><img src="https://m.media-amazon.com/images/I/41gaO1jHclL._SL500_.jpg" alt="Product Image"></a><p>Dog Tracker-GPS Dog Collar-GPS Tracker for Dogs-Pet Tracker for Dogs | Android and iOS Universal | No Monthly Fee | Waterproof | Works with Any Collar</p><p> -33% 0FF </p><p>$19.99</p><a href="https://www.amazon.com/dp/B0FG7XVF8Z?tag=eloabder-20&linkCode=osi&th=1&psc=1">View Product</a></div><div class="product"><a href="https://www.amazon.com/dp/B0FHHYX4G5?tag=eloabder-20&linkCode=osi&th=1&psc=1"><img src="https://m.media-amazon.com/images/I/41UoHeHXd9L._SL500_.jpg" alt="Product Image"></a><p>New Fi Series 3+ Smart Dog Collar - GPS Dog Tracker and Activity & New Fitness Monitor, Waterproof, LED Light, Escape Alerts, Nationwide Coverage [Free 6 Month Membership] (Pink, Medium)</p><p> -17% 0FF </p><p>$99.00</p><a href="https://www.amazon.com/dp/B0FHHYX4G5?tag=eloabder-20&linkCode=osi&th=1&psc=1">View Product</a></div>
<div class="product"><a href="https://www.amazon.com/dp/B0FJLF7L44?tag=eloabder-20&linkCode=osi&th=1&psc=1"><img src="https://m.media-amazon.com/images/I/41JOzyGDA3L._SL500_.jpg" alt="Product Image"></a><p>INVENHO Heated Cat Beds for Indoor Cats and Small Dogs, 20" Cozy Donut Heated Pet Bed with Timer & Temp Adjustable, Removable Waterproof Electric Warming Bed for Indoor Cat</p><p> -33% 0FF </p><p>$39.98</p><a href="https://www.amazon.com/dp/B0FJLF7L44?tag=eloabder-20&linkCode=osi&th=1&psc=1">View Product</a></div><div class="product"><a href="https://www.amazon.com/dp/B0FG7R1MF1?tag=eloabder-20&linkCode=osi&th=1&psc=1"><img src="https://m.media-amazon.com/images/I/414NBIuEnUL._SL500_.jpg" alt="Product Image"></a><p>Large Pet Heating Pad, Waterproof Heated Dog Cat Bed with 11 Adjustable Temperatures & 24H Timer, Auto Shut-Off, Chew-Resistant Cord, Washable Cover, Indoor Electric Heating Mat, Grey, L(35" x 24")</p><p> -33% 0FF </p><p>$39.98</p><a href="https://www.amazon.com/dp/B0FG7R1MF1?tag=eloabder-20&linkCode=osi&th=1&psc=1">View Product</a></div><div class="product"><a href="https://www.amazon.com/dp/B0FJ297BWH?tag=eloabder-20&linkCode=osi&th=1&psc=1"><img src="https://m.media-amazon.com/images/I/416TrAZ1CcL._SL500_.jpg" alt="Product Image"></a><p>Toove Heated Cat Bed Indoor - 20" Heating Donut Pet Bed for Cats and Small Dogs, Ultra Soft & Cozy Sleeping Cat Beds, Machine Washable, Waterproof & Safe Warming with Timer and Temperature Control</p><p> -40% 0FF </p><p>$35.98</p><a href="https://www.amazon.com/dp/B0FJ297BWH?tag=eloabder-20&linkCode=osi&th=1&psc=1">View Product</a></div><div class="product"><a href="https://www.amazon.com/dp/B07PH45YCD?tag=eloabder-20&linkCode=osi&th=1&psc=1"><img src="https://m.media-amazon.com/images/I/31PZB9TikkL._SL500_.jpg" alt="Product Image"></a><p>K&H Pet Products Lectro-Soft Orthopedic Outdoor Heated Dog and Cat Bed for Medium Dogs or Big Cats, Soft/Flexible Safety Listed Warming Pad, Waterproof, Washable Cover - Medium 24 X 19in Tan 40W</p><p> -5% 0FF </p><p>$75.62</p><a href="https://www.amazon.com/dp/B07PH45YCD?tag=eloabder-20&linkCode=osi&th=1&psc=1">View Product</a></div><div class="product"><a href="https://www.amazon.com/dp/B0B683451C?tag=eloabder-20&linkCode=osi&th=1&psc=1"><img src="https://m.media-amazon.com/images/I/41t4oZVH4FL._SL500_.jpg" alt="Product Image"></a><p>INVENHO Heated Cat Bed, Waterproof Adjustable Temperature Dog Cat Heating Pad with Timer, Indoor Pet Heating Pad for Cats Dogs Electric Pads for Dogs Cats, Pet Heated Pad (S: 18" x 16")</p><p> -30% 0FF </p><p>$27.98</p><a href="https://www.amazon.com/dp/B0B683451C?tag=eloabder-20&linkCode=osi&th=1&psc=1">View Product</a></div>
<div class="product"><a href="https://www.amazon.com/dp/B0C85D9LT3?tag=eloabder-20&linkCode=osi&th=1&psc=1"><img src="https://m.media-amazon.com/images/I/418DOElHohL._SL500_.jpg" alt="Product Image"></a><p>MoNiBloom Foldable Pet Stroller with Weather Cover, 3 Wheels Pet Strolling Cart for Small/Medium Dogs and Cats with Storage Basket and Cup Holder, Breathable and Visible Mesh for All-Season, Black</p><p> -34% 0FF </p><p>$46.54</p><a href="https://www.amazon.com/dp/B0C85D9LT3?tag=eloabder-20&linkCode=osi&th=1&psc=1">View Product</a></div><div class="product"><a href="https://www.amazon.com/dp/B0C85D7H92?tag=eloabder-20&linkCode=osi&th=1&psc=1"><img src="https://m.media-amazon.com/images/I/41wgVSYG8ML._SL500_.jpg" alt="Product Image"></a><p>MoNiBloom 3 Wheels Pet Stroller, Foldable Dog Cat Cage Jogger Stroller with Weather Cover for All-Season, Storage Basket and Cup Holder, Breathable and Visible Mesh for Small/Medium Pets, Blue</p><p> -23% 0FF </p><p>$53.99</p><a href="https://www.amazon.com/dp/B0C85D7H92?tag=eloabder-20&linkCode=osi&th=1&psc=1">View Product</a></div><div class="product"><a href="https://www.amazon.com/dp/B00SGMIKF6?tag=eloabder-20&linkCode=osi&th=1&psc=1"><img src="https://m.media-amazon.com/images/I/41lNHFLM4lL._SL500_.jpg" alt="Product Image"></a><p>BestPet | 3-Wheel Pet Stroller | Dog and Cat Stroller | Breathable Mesh | Lightweight Travel Carrier | Waterproof & Foldable Design | Storage Basket | Black | for Daily Walks & Outdoor Use</p><p> -25% 0FF </p><p>$44.99</p><a href="https://www.amazon.com/dp/B00SGMIKF6?tag=eloabder-20&linkCode=osi&th=1&psc=1">View Product</a></div><div class="product"><a href="https://www.amazon.com/dp/B0DBPS43RH?tag=eloabder-20&linkCode=osi&th=1&psc=1"><img src="https://m.media-amazon.com/images/I/41617xgqkgL._SL500_.jpg" alt="Product Image"></a><p>MoNiBloom 3 Wheels Pet Dog Cat Stroller for Small Medium Dogs and Cats, Lightweight Foldable Jogger Stroller w/Storage Basket and Cup Holder, Gray</p><p> -22% 0FF </p><p>$56.98</p><a href="https://www.amazon.com/dp/B0DBPS43RH?tag=eloabder-20&linkCode=osi&th=1&psc=1">View Product</a></div>
<div class="product"><a href="https://www.amazon.com/dp/B0F83V87M6?tag=eloabder-20&linkCode=osi&th=1&psc=1"><img src="https://m.media-amazon.com/images/I/515z4HsNRrL._SL500_.jpg" alt="Product Image"></a><p>HBTower 63" Long & 17.3" Wide Folding Dog Ramp for Car, SUV & Truck – Portable Pet Ramp with Non-Slip Surface, Extra Wide Steps for Large Dogs Up to 250LBS</p><p> -20% 0FF </p><p>$67.99</p><a href="https://www.amazon.com/dp/B0F83V87M6?tag=eloabder-20&linkCode=osi&th=1&psc=1">View Product</a></div><div class="product"><a href="https://www.amazon.com/dp/B0DJLKLX6B?tag=eloabder-20&linkCode=osi&th=1&psc=1"><img src="https://m.media-amazon.com/images/I/518SIf-V0EL._SL500_.jpg" alt="Product Image"></a><p>Dog Ramp for Car 𝟕𝟏”𝐱𝟐𝟎” Large Folding Pet Stair Ramps for Truck, SUV, with Non-Slip Surface, Up to 250LBS, Outdoor Dog Car Ramp for Medium & Large Dogs, Portable Pet Steps</p><p> -5% 0FF </p><p>$123.99</p><a href="https://www.amazon.com/dp/B0DJLKLX6B?tag=eloabder-20&linkCode=osi&th=1&psc=1">View Product</a></div><div class="product"><a href="https://www.amazon.com/dp/B0016HPTFW?tag=eloabder-20&linkCode=osi&th=1&psc=1"><img src="https://m.media-amazon.com/images/I/311yqmsWpbL._SL500_.jpg" alt="Product Image"></a><p>PetSafe Happy Ride Compact Telescoping Dog Ramp - Portable Pet Ramp for Cars, Trucks & SUVs with Adjustable Sizing - Non-Slip Design - Lightweight Pet Mobility Assistance - Extra Long</p><p> -15% 0FF </p><p>$169.95</p><a href="https://www.amazon.com/dp/B0016HPTFW?tag=eloabder-20&linkCode=osi&th=1&psc=1">View Product</a></div><div class="product"><a href="https://www.amazon.com/dp/B0F13FY1S9?tag=eloabder-20&linkCode=osi&th=1&psc=1"><img src="https://m.media-amazon.com/images/I/51ZMQIHvq8L._SL500_.jpg" alt="Product Image"></a><p>Dog Ramps for Stairs, Wooden Pet Ramp Stairs for Small Medium Dogs, Non-Slip Dog Pet Steps for Any Staircase, Stair Ramp for Injured Dogs with Anti-Slip Strip, 4 Pack</p><p> -14% 0FF </p><p>$75.99</p><a href="https://www.amazon.com/dp/B0F13FY1S9?tag=eloabder-20&linkCode=osi&th=1&psc=1">View Product</a></div>
<div class="product"><a href="https://www.amazon.com/dp/B0CKQV4R3C?tag=eloabder-20&linkCode=osi&th=1&psc=1"><img src="https://m.media-amazon.com/images/I/51NBxEiCdfL._SL500_.jpg" alt="Product Image"></a><p>rabbitgoo Dog Car Barrier for SUVs, Adjustable Large Pet Gate, Universal-Fit Divider Cargo Net, Heavy-Duty Wire Mesh Dog Barrier SUV, Van Vehicles Subaru Car Accessories Safety Travel, Triple Folding</p><p> -11% 0FF </p><p>$39.98 ($39.98 / count)</p><a href="https://www.amazon.com/dp/B0CKQV4R3C?tag=eloabder-20&linkCode=osi&th=1&psc=1">View Product</a></div><div class="product"><a href="https://www.amazon.com/dp/B00JZHRYFI?tag=eloabder-20&linkCode=osi&th=1&psc=1"><img src="https://m.media-amazon.com/images/I/31-rkLAhGAL._SL500_.jpg" alt="Product Image"></a><p>PetSafe Happy Ride Metal Dog Barrier, Pet Gate Vehicle Divider for Cars, Minivans & SUVs</p><p> -13% 0FF </p><p>$64.95</p><a href="https://www.amazon.com/dp/B00JZHRYFI?tag=eloabder-20&linkCode=osi&th=1&psc=1">View Product</a></div><div class="product"><a href="https://www.amazon.com/dp/B0FCX28XQC?tag=eloabder-20&linkCode=osi&th=1&psc=1"><img src="https://m.media-amazon.com/images/I/41HCaZSvBmL._SL500_.jpg" alt="Product Image"></a><p>FLYSPEAR Wireless Pet Barrier - Rechargeable Indoor Barrier with 6 Adjustable Range Radius up to 7 ft, 6 Adjustable Safe Static Intensity, Electric Fence System for Dogs with Hook</p><p> -10% 0FF </p><p>$89.99</p><a href="https://www.amazon.com/dp/B0FCX28XQC?tag=eloabder-20&linkCode=osi&th=1&psc=1">View Product</a></div>
<div class="product"><a href="https://www.amazon.com/dp/B07HBD23SC?tag=eloabder-20&linkCode=osi&th=1&psc=1"><img src="https://m.media-amazon.com/images/I/41y3lyf0XnL._SL500_.jpg" alt="Product Image"></a><p>RADIUS USDA Organic Canine Pet Toothpaste 1 Unit, 3 oz, Non Toxic Toothpaste for Dogs, Designed to Clean Teeth and Help Prevent Tartar and Remove Plaque, Xylitol Free</p><p> -28% 0FF </p><p>$9.38</p><a href="https://www.amazon.com/dp/B07HBD23SC?tag=eloabder-20&linkCode=osi&th=1&psc=1">View Product</a></div><div class="product"><a href="https://www.amazon.com/dp/B01KD8725Y?tag=eloabder-20&linkCode=osi&th=1&psc=1"><img src="https://m.media-amazon.com/images/I/41NCTQGSk9L._SL500_.jpg" alt="Product Image"></a><p>Arm & Hammer for Pets Clinical Care Dental Enzymatic Toothpaste for Dogs Soothes Inflamed Gums Safe for Puppies 1 Pack Fresh Breath Vanilla Ginger (Pack of 1)</p><p> -9% 0FF </p><p>$8.18 ($3.27 / ounce)</p><a href="https://www.amazon.com/dp/B01KD8725Y?tag=eloabder-20&linkCode=osi&th=1&psc=1">View Product</a></div>

<div class="product"><a href="https://www.amazon.com/dp/B09K8YYVWV?tag=eloabder-20&linkCode=osi&th=1&psc=1"><img src="https://m.media-amazon.com/images/I/4123dxF1ijL._SL500_.jpg" alt="Product Image"></a><p>Blue Buffalo Life Protection Formula Natural Adult Dry Dog Food, Chicken and Brown Rice 5-lb Trial Size Bag</p><p> -17% 0FF </p><p>$14.98 ($3.00 / lb)</p><a href="https://www.amazon.com/dp/B09K8YYVWV?tag=eloabder-20&linkCode=osi&th=1&psc=1">View Product</a></div><div class="product"><a href="https://www.amazon.com/dp/B0000AH3QT?tag=eloabder-20&linkCode=osi&th=1&psc=1"><img src="https://m.media-amazon.com/images/I/41FXHOzdCWL._SL500_.jpg" alt="Product Image"></a><p>Purina ONE Chicken and Rice Formula Dry Dog Food - 8 lb. Bag</p><p> -9% 0FF </p><p>$16.28 ($2.04 / lb)</p><a href="https://www.amazon.com/dp/B0000AH3QT?tag=eloabder-20&linkCode=osi&th=1&psc=1">View Product</a></div><div class="product"><a href="https://www.amazon.com/dp/B09K9FDLFN?tag=eloabder-20&linkCode=osi&th=1&psc=1"><img src="https://m.media-amazon.com/images/I/41fn4P3zY0L._SL500_.jpg" alt="Product Image"></a><p>Blue Buffalo Life Protection Formula Natural Adult Small Breed Dry Dog Food, Chicken and Brown Rice 5-lb Trial Size Bag</p><p> -13% 0FF </p><p>$17.48 ($3.50 / lb)</p><a href="https://www.amazon.com/dp/B09K9FDLFN?tag=eloabder-20&linkCode=osi&th=1&psc=1">View Product</a></div><div class="product"><a href="https://www.amazon.com/dp/B009IOCCD2?tag=eloabder-20&linkCode=osi&th=1&psc=1"><img src="https://m.media-amazon.com/images/I/41hzdgAAhmL._SL500_.jpg" alt="Product Image"></a><p>Purina ONE Dry Dog Food Lamb and Rice Formula - 31.1 lb. Bag</p><p> -17% 0FF </p><p>$48.98 ($1.57 / lb)</p><a href="https://www.amazon.com/dp/B009IOCCD2?tag=eloabder-20&linkCode=osi&th=1&psc=1">View Product</a></div><div class="product"><a href="https://www.amazon.com/dp/B06WGLV27L?tag=eloabder-20&linkCode=osi&th=1&psc=1"><img src="https://m.media-amazon.com/images/I/41+bgu7zfAL._SL500_.jpg" alt="Product Image"></a><p>Nutrish Dry Dog Food, Real Beef, Pea & Brown Rice Recipe Whole Health Blend for Adult Dogs, 40 lb. Bag, Packaging May Vary (Rachael Ray)</p><p> -26% 0FF </p><p>$43.99 ($1.10 / lb)</p><a href="https://www.amazon.com/dp/B06WGLV27L?tag=eloabder-20&linkCode=osi&th=1&psc=1">View Product</a></div><div class="product"><a href="https://www.amazon.com/dp/B0009YWKUA?tag=eloabder-20&linkCode=osi&th=1&psc=1"><img src="https://m.media-amazon.com/images/I/41gZ78TZzBL._SL500_.jpg" alt="Product Image"></a><p>Blue Buffalo Life Protection Formula Adult Dry Dog Food, Helps Build and Maintain Strong Muscles, Made with Natural Ingredients, Chicken & Brown Rice Recipe, 30-lb. Bag</p><p> -11% 0FF </p><p>$66.99 ($2.23 / lb)</p><a href="https://www.amazon.com/dp/B0009YWKUA?tag=eloabder-20&linkCode=osi&th=1&psc=1">View Product</a></div><div class="product"><a href="https://www.amazon.com/dp/B0009YUGAG?tag=eloabder-20&linkCode=osi&th=1&psc=1"><img src="https://m.media-amazon.com/images/I/41s0BUVfCbL._SL500_.jpg" alt="Product Image"></a><p>Blue Buffalo Life Protection Formula Adult Dry Dog Food, Helps Build and Maintain Strong Muscles, Made with Natural Ingredients, Chicken & Brown Rice Recipe, 15-lb. Bag</p><p> -15% 0FF </p><p>$37.98 ($2.53 / lb)</p><a href="https://www.amazon.com/dp/B0009YUGAG?tag=eloabder-20&linkCode=osi&th=1&psc=1">View Product</a></div>
<div class="product"><a href="https://www.amazon.com/dp/B0BFPJJTR9?tag=eloabder-20&linkCode=osi&th=1&psc=1"><img src="https://m.media-amazon.com/images/I/511o77BB+6L._SL500_.jpg" alt="Product Image"></a><p>Joytale Dog Leash for Large Dogs, Heavy Duty Nylon Leashes with Comfortable Padded Handle and Highly Reflective Threads, Ideal for Walking and Training, Black, 6'×1/2''</p><p> -10% 0FF </p><p>$7.19</p><a href="https://www.amazon.com/dp/B0BFPJJTR9?tag=eloabder-20&linkCode=osi&th=1&psc=1">View Product</a></div><div class="product"><a href="https://www.amazon.com/dp/B076F7HM8T?tag=eloabder-20&linkCode=osi&th=1&psc=1"><img src="https://m.media-amazon.com/images/I/41Qlfdjpa1L._SL500_.jpg" alt="Product Image"></a><p>TUG 360° Tangle-Free Retractable Dog Leash | 16 ft Strong Nylon Tape | One-Handed Brake, Pause, Lock (Medium, White)</p><p> -12% 0FF </p><p>$18.99</p><a href="https://www.amazon.com/dp/B076F7HM8T?tag=eloabder-20&linkCode=osi&th=1&psc=1">View Product</a></div><div class="product"><a href="https://www.amazon.com/dp/B095C8RXSH?tag=eloabder-20&linkCode=osi&th=1&psc=1"><img src="https://m.media-amazon.com/images/I/518Mz7ChiHL._SL500_.jpg" alt="Product Image"></a><p>Taglory Rope Dog Leash 6 FT with Comfortable Padded Handle, Highly Reflective Threads Leash for Medium Large Dogs, 1/2 inch, Hotpink</p><p> -36% 0FF </p><p>$9.99 ($9.99 / count)</p><a href="https://www.amazon.com/dp/B095C8RXSH?tag=eloabder-20&linkCode=osi&th=1&psc=1">View Product</a></div><div class="product"><a href="https://www.amazon.com/dp/B078SLM45M?tag=eloabder-20&linkCode=osi&th=1&psc=1"><img src="https://m.media-amazon.com/images/I/41cyg8ILTTL._SL500_.jpg" alt="Product Image"></a><p>TUG 360° Tangle-Free Retractable Dog Leash | 16 ft Strong Nylon Tape | One-Handed Brake, Pause, Lock (Large, White)</p><p> -14% 0FF </p><p>$21.99</p><a href="https://www.amazon.com/dp/B078SLM45M?tag=eloabder-20&linkCode=osi&th=1&psc=1">View Product</a></div>
<div class="product"><a href="https://www.amazon.com/dp/B0DGL4H82X?tag=eloabder-20&linkCode=osi&th=1&psc=1"><img src="https://m.media-amazon.com/images/I/51pDCCmAQNL._SL500_.jpg" alt="Product Image"></a><p>Halypet Cat Harness and Leash Set [MAX Safety 4th-Gen Upgrade] Escape Proof Adjustable Cat Leash Comfortable Soft Vest Easy to Wear Kitten Harness with Reflective Strip for Cats Walking, M Black</p><p> -28% 0FF </p><p>$10.79</p><a href="https://www.amazon.com/dp/B0DGL4H82X?tag=eloabder-20&linkCode=osi&th=1&psc=1">View Product</a></div><div class="product"><a href="https://www.amazon.com/dp/B000OGRDK0?tag=eloabder-20&linkCode=osi&th=1&psc=1"><img src="https://m.media-amazon.com/images/I/31tfSFnHwmL._SL500_.jpg" alt="Product Image"></a><p>PetSafe Nylon Leash - Chew-Resistant Cat & Dog Behavioral Training Leash - Compatible with Easy-Walk Harness - Traditional-Style Reliable Pet Lead with a Padded Hand Wrap - 3/8" x 6' - Black</p><p> -15% 0FF </p><p>$4.24</p><a href="https://www.amazon.com/dp/B000OGRDK0?tag=eloabder-20&linkCode=osi&th=1&psc=1">View Product</a></div><div class="product"><a href="https://www.amazon.com/dp/B0DGL21M78?tag=eloabder-20&linkCode=osi&th=1&psc=1"><img src="https://m.media-amazon.com/images/I/51pDCCmAQNL._SL500_.jpg" alt="Product Image"></a><p>Halypet Cat Harness and Leash Set - MAX Safety 4th-Gen Upgrade, Escape Proof, Adjustable, Comfortable Soft Vest, Easy to Wear Kitten Harness with Reflective Strip for Cats Walking - Small Black</p><p> -25% 0FF </p><p>$11.24</p><a href="https://www.amazon.com/dp/B0DGL21M78?tag=eloabder-20&linkCode=osi&th=1&psc=1">View Product</a></div>
<div class="product"><a href="https://www.amazon.com/dp/B08CCG96FR?tag=eloabder-20&linkCode=osi&th=1&psc=1"><img src="https://m.media-amazon.com/images/I/519rYYNcfDL._SL500_.jpg" alt="Product Image"></a><p>Best Pet Supplies Voyager Step-in Air Harness - All Weather Mesh, Reflective, No Pull Harness for Dogs, Cats - Secure with Hook & Loop Fastener, Buckle, Double D-Rings - Fuchsia, S</p><p> -39% 0FF </p><p>$9.07</p><a href="https://www.amazon.com/dp/B08CCG96FR?tag=eloabder-20&linkCode=osi&th=1&psc=1">View Product</a></div><div class="product"><a href="https://www.amazon.com/dp/B0F134YP3R?tag=eloabder-20&linkCode=osi&th=1&psc=1"><img src="https://m.media-amazon.com/images/I/41WVEg4wn7L._SL500_.jpg" alt="Product Image"></a><p>Bruvoalon Heavy-Duty Tactical Dog Harness for Large Dogs, No Pull Adjustable Reflective K9 Vest with Molle System, 12 Colors & 4 Sizes, Military-Grade Control for Training, Outdoor & 10+ Breeds</p><p> -24% 0FF </p><p>$15.19</p><a href="https://www.amazon.com/dp/B0F134YP3R?tag=eloabder-20&linkCode=osi&th=1&psc=1">View Product</a></div><div class="product"><a href="https://www.amazon.com/dp/B0DGXJWK9J?tag=eloabder-20&linkCode=osi&th=1&psc=1"><img src="https://m.media-amazon.com/images/I/51mncolU3aL._SL500_.jpg" alt="Product Image"></a><p>SlowTon No Pull Dog Harness - Heavy Duty Dog Harness and Leash Set for Medium Large Dogs, Reflective Tactical Harness with Soft Padded and Front Clip for Easy Walk and Training (Black L)</p><p> -13% 0FF </p><p>$19.99</p><a href="https://www.amazon.com/dp/B0DGXJWK9J?tag=eloabder-20&linkCode=osi&th=1&psc=1">View Product</a></div><div class="product"><a href="https://www.amazon.com/dp/B0DRJYND78?tag=eloabder-20&linkCode=osi&th=1&psc=1"><img src="https://m.media-amazon.com/images/I/41NZVoj8wjL._SL500_.jpg" alt="Product Image"></a><p>Wisedog Reflective No Pull Dog Harness - Adjustable Lightweight Pet Vest with 3 Fast-Release Buckles for Dogs Walking, Running and Training(M, Orange)</p><p> -50% 0FF </p><p>$5.59</p><a href="https://www.amazon.com/dp/B0DRJYND78?tag=eloabder-20&linkCode=osi&th=1&psc=1">View Product</a></div><div class="product"><a href="https://www.amazon.com/dp/B0FFV1QZVJ?tag=eloabder-20&linkCode=osi&th=1&psc=1"><img src="https://m.media-amazon.com/images/I/41BPzHU2wsL._SL500_.jpg" alt="Product Image"></a><p>PWOD No Pull Dog Harness with 2 Leash Clips, Reflective Adjustable Soft Padded Vest with Handle, Breathable Oxford No Choke Pet Vest for Large Dogs, Black,L</p><p> -30% 0FF </p><p>$13.99</p><a href="https://www.amazon.com/dp/B0FFV1QZVJ?tag=eloabder-20&linkCode=osi&th=1&psc=1">View Product</a></div><div class="product"><a href="https://www.amazon.com/dp/B0792XS9B1?tag=eloabder-20&linkCode=osi&th=1&psc=1"><img src="https://m.media-amazon.com/images/I/510eqOLi1TL._SL500_.jpg" alt="Product Image"></a><p>PoyPet No Pull Dog Harness, No Choke Front Lead Dog Reflective Harness, Adjustable Soft Padded Pet Vest with Easy Control Handle for Small to Large Dogs(Pink, Medium)</p><p> -11% 0FF </p><p>$11.99 ($11.99 / count)</p><a href="https://www.amazon.com/dp/B0792XS9B1?tag=eloabder-20&linkCode=osi&th=1&psc=1">View Product</a></div>
<div class="product"><a href="https://www.amazon.com/dp/B08CCGRW5D?tag=eloabder-20&linkCode=osi&th=1&psc=1"><img src="https://m.media-amazon.com/images/I/519rYYNcfDL._SL500_.jpg" alt="Product Image"></a><p>Best Pet Supplies Voyager Step-in Air Harness - All Weather Mesh, Reflective, No Pull Harness for Dogs, Cats - Secure with Hook & Loop Fastener, Buckle, Double D-Rings - Fuchsia, M</p><p> -13% 0FF </p><p>$12.99</p><a href="https://www.amazon.com/dp/B08CCGRW5D?tag=eloabder-20&linkCode=osi&th=1&psc=1">View Product</a></div>
<div class="product"><a href="https://www.amazon.com/dp/B005CUTWDE?tag=eloabder-20&linkCode=osi&th=1&psc=1"><img src="https://m.media-amazon.com/images/I/41j4IEfx6wL._SL500_.jpg" alt="Product Image"></a><p>Wahl USA Dry Skin & Itch Relief Pet Shampoo for Dogs – Oatmeal Formula with Coconut Lime Verbena Scent & Pet Friendly Formula, 24 Oz - Model 820004A</p><p> -10% 0FF </p><p>$8.97</p><a href="https://www.amazon.com/dp/B005CUTWDE?tag=eloabder-20&linkCode=osi&th=1&psc=1">View Product</a></div><div class="product"><a href="https://www.amazon.com/dp/B0791LY9MW?tag=eloabder-20&linkCode=osi&th=1&psc=1"><img src="https://m.media-amazon.com/images/I/510j7m4z+0L._SL500_.jpg" alt="Product Image"></a><p>PAWFUME Deshedding Dog Shampoo and Conditioner, Show Dog, 1-Pack – Nourish & Detangle for Silky Soft Coat – Probiotic, Deep-Cleaning, pH-Balanced Formula – Salon-Quality Shampoo for Dogs</p><p> -13% 0FF </p><p>$13.99 ($1.17 / fluid ounce)</p><a href="https://www.amazon.com/dp/B0791LY9MW?tag=eloabder-20&linkCode=osi&th=1&psc=1">View Product</a></div><div class="product"><a href="https://www.amazon.com/dp/B079T3KSYL?tag=eloabder-20&linkCode=osi&th=1&psc=1"><img src="https://m.media-amazon.com/images/I/411+lEo81xL._SL500_.jpg" alt="Product Image"></a><p>Wahl USA 4-in-1 Calming Pet Shampoo for Dogs with a Lavender Chamomile Scent – Cleans, Conditions, Detangles, & Moisturizes - Pet Friendly Formula – 64 Oz - Model 821000-050</p><p> -10% 0FF </p><p>$21.53 ($0.34 / fluid ounce)</p><a href="https://www.amazon.com/dp/B079T3KSYL?tag=eloabder-20&linkCode=osi&th=1&psc=1">View Product</a></div><div class="product"><a href="https://www.amazon.com/dp/B079T44C3J?tag=eloabder-20&linkCode=osi&th=1&psc=1"><img src="https://m.media-amazon.com/images/I/41aKOigtAPL._SL500_.jpg" alt="Product Image"></a><p>Wahl USA Dry Skin & Itch Relief Pet Shampoo for Dogs – Oatmeal Formula with Coconut Lime Verbena Scent - 64 Oz - Model 821004-050</p><p> -18% 0FF </p><p>$16.48</p><a href="https://www.amazon.com/dp/B079T44C3J?tag=eloabder-20&linkCode=osi&th=1&psc=1">View Product</a></div><div class="product"><a href="https://www.amazon.com/dp/B0DF3W6L1Y?tag=eloabder-20&linkCode=osi&th=1&psc=1"><img src="https://m.media-amazon.com/images/I/314vZFKBT5L._SL500_.jpg" alt="Product Image"></a><p>MRS. MEYER'S Clean Day 3 in 1 Dog Shampoo, Sweet Chamomile Scent, 14oz</p><p> -25% 0FF </p><p>$13.54 ($0.97 / fluid ounce)</p><a href="https://www.amazon.com/dp/B0DF3W6L1Y?tag=eloabder-20&linkCode=osi&th=1&psc=1">View Product</a></div><div class="product"><a href="https://www.amazon.com/dp/B0DF3S2ZFQ?tag=eloabder-20&linkCode=osi&th=1&psc=1"><img src="https://m.media-amazon.com/images/I/31a6kZ5IHLL._SL500_.jpg" alt="Product Image"></a><p>MRS. MEYER'S Clean Day 3 in 1 Dog Shampoo, White Peach Scent, 14oz</p><p> -36% 0FF </p><p>$11.59 ($0.83 / fluid ounce)</p><a href="https://www.amazon.com/dp/B0DF3S2ZFQ?tag=eloabder-20&linkCode=osi&th=1&psc=1">View Product</a></div>
<div class="product"><a href="https://www.amazon.com/dp/B0002J1FOE?tag=eloabder-20&linkCode=osi&th=1&psc=1"><img src="https://m.media-amazon.com/images/I/41MQpL7i06L._SL500_.jpg" alt="Product Image"></a><p>FRONTLINE Plus Flea and Tick Treatment for Large Dogs Up to 45 to 88 lbs. 3 Treatments</p><p> -22% 0FF </p><p>$34.98 ($11.66 / count)</p><a href="https://www.amazon.com/dp/B0002J1FOE?tag=eloabder-20&linkCode=osi&th=1&psc=1">View Product</a></div><div class="product"><a href="https://www.amazon.com/dp/B0002J1F76?tag=eloabder-20&linkCode=osi&th=1&psc=1"><img src="https://m.media-amazon.com/images/I/41dCAf46o0L._SL500_.jpg" alt="Product Image"></a><p>FRONTLINE Plus Flea and Tick Treatment for Cats Over 1.5 lbs. 3 Treatments</p><p> -11% 0FF </p><p>$39.98 ($783.92 / fluid ounce)</p><a href="https://www.amazon.com/dp/B0002J1F76?tag=eloabder-20&linkCode=osi&th=1&psc=1">View Product</a></div><div class="product"><a href="https://www.amazon.com/dp/B0F2HPNQ1W?tag=eloabder-20&linkCode=osi&th=1&psc=1"><img src="https://m.media-amazon.com/images/I/51DP4EE9hiL._SL500_.jpg" alt="Product Image"></a><p>Chewable Flea and Tick Prevention for Dogs - 120 Soft Chews Made in USA - Oral Flea and Tick Control Pills for Small, Medium, Large Dogs and Puppies - Skin and Coat Supplement Treats for All Breeds</p><p> -29% 0FF </p><p>$19.99 ($0.17 / count)</p><a href="https://www.amazon.com/dp/B0F2HPNQ1W?tag=eloabder-20&linkCode=osi&th=1&psc=1">View Product</a></div><div class="product"><a href="https://www.amazon.com/dp/B0002J1FN0?tag=eloabder-20&linkCode=osi&th=1&psc=1"><img src="https://m.media-amazon.com/images/I/41Ife-kF7uL._SL500_.jpg" alt="Product Image"></a><p>FRONTLINE Plus Flea and Tick Treatment for Medium Dogs Up to 23 to 44 lbs. 3 Treatments</p><p> -11% 0FF </p><p>$39.98 ($13.33 / count)</p><a href="https://www.amazon.com/dp/B0002J1FN0?tag=eloabder-20&linkCode=osi&th=1&psc=1">View Product</a></div><div class="product"><a href="https://www.amazon.com/dp/B00WWP1MIK?tag=eloabder-20&linkCode=osi&th=1&psc=1"><img src="https://m.media-amazon.com/images/I/513P0basXRL._SL500_.jpg" alt="Product Image"></a><p>PetArmor Plus Flea and Tick Prevention for Dogs, Large Dog Flea and Tick Treatment, 3 Doses, Waterproof Topical, Fast Acting (45-88 lbs)</p><p> -37% 0FF </p><p>$18.30 ($6.10 / count)</p><a href="https://www.amazon.com/dp/B00WWP1MIK?tag=eloabder-20&linkCode=osi&th=1&psc=1">View Product</a></div>
<div class="product"><a href="https://www.amazon.com/dp/B0009X29WK?tag=eloabder-20&linkCode=osi&th=1&psc=1"><img src="https://m.media-amazon.com/images/I/51aLRVazcoL._SL500_.jpg" alt="Product Image"></a><p>Dr. Elsey's Ultra UnScented Clumping Clay Cat Litter 40 lb. Bag</p><p> -13% 0FF </p><p>$20.99 ($0.03 / fluid ounce)</p><a href="https://www.amazon.com/dp/B0009X29WK?tag=eloabder-20&linkCode=osi&th=1&psc=1">View Product</a></div><div class="product"><a href="https://www.amazon.com/dp/B089LLHMQL?tag=eloabder-20&linkCode=osi&th=1&psc=1"><img src="https://m.media-amazon.com/images/I/51WhnzWdn4L._SL500_.jpg" alt="Product Image"></a><p>ARM & HAMMER Clump & Seal SLIDE Platinum Multi-Cat Clumping Cat Litter, 14-Day Odor Control, EZ Clean Technology, 18 lbs – No Scrubbing, Powerful Odor Eliminator</p><p> -5% 0FF </p><p>$17.99 ($0.06 / fluid ounce)</p><a href="https://www.amazon.com/dp/B089LLHMQL?tag=eloabder-20&linkCode=osi&th=1&psc=1">View Product</a></div><div class="product"><a href="https://www.amazon.com/dp/B0D1LK2G5C?tag=eloabder-20&linkCode=osi&th=1&psc=1"><img src="https://m.media-amazon.com/images/I/41AT3luVpaL._SL500_.jpg" alt="Product Image"></a><p>Cat's Pride New Antibacterial Cat Litter: Destroys 99.9% of Odor-Causing Bacteria - Powerful Odor Control - Premium Lightweight Clumping Litter - Scented, 12 Pounds</p><p> -5% 0FF </p><p>$9.48 ($0.79 / pound)</p><a href="https://www.amazon.com/dp/B0D1LK2G5C?tag=eloabder-20&linkCode=osi&th=1&psc=1">View Product</a></div><div class="product"><a href="https://www.amazon.com/dp/B0DJDNXZYF?tag=eloabder-20&linkCode=osi&th=1&psc=1"><img src="https://m.media-amazon.com/images/I/51GV-bHkChL._SL500_.jpg" alt="Product Image"></a><p>Fresh Step Clumping Cat Litter, Heavy Duty Advanced, Long Lasting 30-Day Odor Control with Odor Eliminating Carbon, 17.5 lb</p><p> -8% 0FF </p><p>$16.80 ($0.96 / pound)</p><a href="https://www.amazon.com/dp/B0DJDNXZYF?tag=eloabder-20&linkCode=osi&th=1&psc=1">View Product</a></div>
<div class="product"><a href="https://www.amazon.com/dp/B0DCNNN5FC?tag=eloabder-20&linkCode=osi&th=1&psc=1"><img src="https://m.media-amazon.com/images/I/51LR5ZHaD4L._SL500_.jpg" alt="Product Image"></a><p>Frienhund Automatic Cat Feeder with 2K Camera: 5G WiFi Automatic Dog Feeder with Night Vision,Cat Food Dispenser with 7L Large Food Storage Container for Multiple Pet,Detachable for Easy Clean -29 Cup</p><p> -17% 0FF </p><p>$57.99</p><a href="https://www.amazon.com/dp/B0DCNNN5FC?tag=eloabder-20&linkCode=osi&th=1&psc=1">View Product</a></div><div class="product"><a href="https://www.amazon.com/dp/B09LD2CD1L?tag=eloabder-20&linkCode=osi&th=1&psc=1"><img src="https://m.media-amazon.com/images/I/31FCol5w8TL._SL500_.jpg" alt="Product Image"></a><p>VOLUAS Automatic Cat Feeders - Timed Pet Feeder for Cats and Dogs with Dry Food Dispenser, Desiccant Bag, Programmable Portion Control, 4 Daily Meals, 10s Voice Recorder</p><p> -27% 0FF </p><p>$39.98</p><a href="https://www.amazon.com/dp/B09LD2CD1L?tag=eloabder-20&linkCode=osi&th=1&psc=1">View Product</a></div><div class="product"><a href="https://www.amazon.com/dp/B0DT47H4JJ?tag=eloabder-20&linkCode=osi&th=1&psc=1"><img src="https://m.media-amazon.com/images/I/41sK3MB5zTL._SL500_.jpg" alt="Product Image"></a><p>Frienhund Automatic Cat Feeder 2 Cats with Slow Feed: Dual Automatic Dog Feeder with 5G WiFi, Cat Food Dispenser with APP Control for Multiple Pets, Detachable for Easy Clean, Double Pet Bowl - 29 Cup</p><p> -19% 0FF </p><p>$56.98</p><a href="https://www.amazon.com/dp/B0DT47H4JJ?tag=eloabder-20&linkCode=osi&th=1&psc=1">View Product</a></div><div class="product"><a href="https://www.amazon.com/dp/B0F9WLTTLC?tag=eloabder-20&linkCode=osi&th=1&psc=1"><img src="https://m.media-amazon.com/images/I/41oqhTdVBgL._SL500_.jpg" alt="Product Image"></a><p>HoneyGuaridan Automatic Cat Feeder for Two Cats, 5G WiFi Smart Feed Pet Feeder with Stainless Steel Bowl,APP Control Dispenser, Dual Power Supply,Desiccant Bag,10s Meal Call Black</p><p> -20% 0FF </p><p>$55.99</p><a href="https://www.amazon.com/dp/B0F9WLTTLC?tag=eloabder-20&linkCode=osi&th=1&psc=1">View Product</a></div><div class="product"><a href="https://www.amazon.com/dp/B09S8WMJY9?tag=eloabder-20&linkCode=osi&th=1&psc=1"><img src="https://m.media-amazon.com/images/I/41BhIBNEoGL._SL500_.jpg" alt="Product Image"></a><p>PETLIBRO Automatic Cat Feeder, 5G WiFi Automatic Dog Food Dispenser with Freshness Preservation, 5L Timed Pet Feeder with Low Food Sensor, Up to 10 Meals Per Day, Granary Black</p><p> -10% 0FF </p><p>$89.99</p><a href="https://www.amazon.com/dp/B09S8WMJY9?tag=eloabder-20&linkCode=osi&th=1&psc=1">View Product</a></div><div class="product"><a href="https://www.amazon.com/dp/B0DQLJJ5XT?tag=eloabder-20&linkCode=osi&th=1&psc=1"><img src="https://m.media-amazon.com/images/I/31AWcXWoThL._SL500_.jpg" alt="Product Image"></a><p>Dual Automatic Cat Feeder 2 Cats,6 Meals/Day,12 Portions/Meal,4.2L Dual Power Double Bowls Feeder,Dry Food Auto Pet Dispenser,10S Voice Record,Flexible Schedule Timer (Black,Stainless Dual Bowls)</p><p> -40% 0FF </p><p>$29.99</p><a href="https://www.amazon.com/dp/B0DQLJJ5XT?tag=eloabder-20&linkCode=osi&th=1&psc=1">View Product</a></div>

<div class="product"><a href="https://www.amazon.com/dp/B07CYW78JY?tag=eloabder-20&linkCode=osi&th=1&psc=1"><img src="https://m.media-amazon.com/images/I/31PZUfPmUVL._SL500_.jpg" alt="Product Image"></a><p>California Costumes, King of The Jungle - Lion, Dog Costume Large</p><p> -39% 0FF </p><p>$15.27</p><a href="https://www.amazon.com/dp/B07CYW78JY?tag=eloabder-20&linkCode=osi&th=1&psc=1">View Product</a></div>
<div class="product"><a href="https://www.amazon.com/dp/B0DGL9BSWS?tag=eloabder-20&linkCode=osi&th=1&psc=1"><img src="https://m.media-amazon.com/images/I/51IZBwrejKL._SL500_.jpg" alt="Product Image"></a><p>Halypet Cat Harness and Leash Set [MAX Safety 4th-Gen Upgrade] Escape Proof Adjustable Cat Leash Comfortable Soft Vest Easy to Wear Kitten Harness with Reflective Strip for Cats Walking, XS Green</p><p> -20% 0FF </p><p>$13.59</p><a href="https://www.amazon.com/dp/B0DGL9BSWS?tag=eloabder-20&linkCode=osi&th=1&psc=1">View Product</a></div><div class="product"><a href="https://www.amazon.com/dp/B0F1TCFL1Q?tag=eloabder-20&linkCode=osi&th=1&psc=1"><img src="https://m.media-amazon.com/images/I/411MNyyz+3L._SL500_.jpg" alt="Product Image"></a><p>rabbitgoo Small Dog Harness, Step-in Soft Mesh Puppy Vest, Easy Walk with Safety Buckle, Breathable Reflective Pet Harness for Small Sized Dogs</p><p> -8% 0FF </p><p>$30.38</p><a href="https://www.amazon.com/dp/B0F1TCFL1Q?tag=eloabder-20&linkCode=osi&th=1&psc=1">View Product</a></div><div class="product"><a href="https://www.amazon.com/dp/B0F2LZ4Y9T?tag=eloabder-20&linkCode=osi&th=1&psc=1"><img src="https://m.media-amazon.com/images/I/413rLsz8xML._SL500_.jpg" alt="Product Image"></a><p>rabbitgoo Small Dog Harness, Step-in Soft Mesh Puppy Vest, Easy Walk with Safety Buckle, Breathable Reflective Pet Harness for Small Sized Dogs</p><p> -8% 0FF </p><p>$30.38</p><a href="https://www.amazon.com/dp/B0F2LZ4Y9T?tag=eloabder-20&linkCode=osi&th=1&psc=1">View Product</a></div>
<div class="product"><a href="https://www.amazon.com/dp/B0FG7XVF8Z?tag=eloabder-20&linkCode=osi&th=1&psc=1"><img src="https://m.media-amazon.com/images/I/41gaO1jHclL._SL500_.jpg" alt="Product Image"></a><p>Dog Tracker-GPS Dog Collar-GPS Tracker for Dogs-Pet Tracker for Dogs | Android and iOS Universal | No Monthly Fee | Waterproof | Works with Any Collar</p><p> -33% 0FF </p><p>$19.99</p><a href="https://www.amazon.com/dp/B0FG7XVF8Z?tag=eloabder-20&linkCode=osi&th=1&psc=1">View Product</a></div><div class="product"><a href="https://www.amazon.com/dp/B0FHHYX4G5?tag=eloabder-20&linkCode=osi&th=1&psc=1"><img src="https://m.media-amazon.com/images/I/41UoHeHXd9L._SL500_.jpg" alt="Product Image"></a><p>New Fi Series 3+ Smart Dog Collar - GPS Dog Tracker and Activity & New Fitness Monitor, Waterproof, LED Light, Escape Alerts, Nationwide Coverage [Free 6 Month Membership] (Pink, Medium)</p><p> -17% 0FF </p><p>$99.00</p><a href="https://www.amazon.com/dp/B0FHHYX4G5?tag=eloabder-20&linkCode=osi&th=1&psc=1">View Product</a></div>
<div class="product"><a href="https://www.amazon.com/dp/B0FJLF7L44?tag=eloabder-20&linkCode=osi&th=1&psc=1"><img src="https://m.media-amazon.com/images/I/41JOzyGDA3L._SL500_.jpg" alt="Product Image"></a><p>INVENHO Heated Cat Beds for Indoor Cats and Small Dogs, 20" Cozy Donut Heated Pet Bed with Timer & Temp Adjustable, Removable Waterproof Electric Warming Bed for Indoor Cat</p><p> -33% 0FF </p><p>$39.98</p><a href="https://www.amazon.com/dp/B0FJLF7L44?tag=eloabder-20&linkCode=osi&th=1&psc=1">View Product</a></div><div class="product"><a href="https://www.amazon.com/dp/B0FG7R1MF1?tag=eloabder-20&linkCode=osi&th=1&psc=1"><img src="https://m.media-amazon.com/images/I/414NBIuEnUL._SL500_.jpg" alt="Product Image"></a><p>Large Pet Heating Pad, Waterproof Heated Dog Cat Bed with 11 Adjustable Temperatures & 24H Timer, Auto Shut-Off, Chew-Resistant Cord, Washable Cover, Indoor Electric Heating Mat, Grey, L(35" x 24")</p><p> -33% 0FF </p><p>$39.98</p><a href="https://www.amazon.com/dp/B0FG7R1MF1?tag=eloabder-20&linkCode=osi&th=1&psc=1">View Product</a></div><div class="product"><a href="https://www.amazon.com/dp/B0FJ297BWH?tag=eloabder-20&linkCode=osi&th=1&psc=1"><img src="https://m.media-amazon.com/images/I/416TrAZ1CcL._SL500_.jpg" alt="Product Image"></a><p>Toove Heated Cat Bed Indoor - 20" Heating Donut Pet Bed for Cats and Small Dogs, Ultra Soft & Cozy Sleeping Cat Beds, Machine Washable, Waterproof & Safe Warming with Timer and Temperature Control</p><p> -40% 0FF </p><p>$35.98</p><a href="https://www.amazon.com/dp/B0FJ297BWH?tag=eloabder-20&linkCode=osi&th=1&psc=1">View Product</a></div><div class="product"><a href="https://www.amazon.com/dp/B07PH45YCD?tag=eloabder-20&linkCode=osi&th=1&psc=1"><img src="https://m.media-amazon.com/images/I/31PZB9TikkL._SL500_.jpg" alt="Product Image"></a><p>K&H Pet Products Lectro-Soft Orthopedic Outdoor Heated Dog and Cat Bed for Medium Dogs or Big Cats, Soft/Flexible Safety Listed Warming Pad, Waterproof, Washable Cover - Medium 24 X 19in Tan 40W</p><p> -5% 0FF </p><p>$75.62</p><a href="https://www.amazon.com/dp/B07PH45YCD?tag=eloabder-20&linkCode=osi&th=1&psc=1">View Product</a></div><div class="product"><a href="https://www.amazon.com/dp/B0B683451C?tag=eloabder-20&linkCode=osi&th=1&psc=1"><img src="https://m.media-amazon.com/images/I/41t4oZVH4FL._SL500_.jpg" alt="Product Image"></a><p>INVENHO Heated Cat Bed, Waterproof Adjustable Temperature Dog Cat Heating Pad with Timer, Indoor Pet Heating Pad for Cats Dogs Electric Pads for Dogs Cats, Pet Heated Pad (S: 18" x 16")</p><p> -30% 0FF </p><p>$27.98</p><a href="https://www.amazon.com/dp/B0B683451C?tag=eloabder-20&linkCode=osi&th=1&psc=1">View Product</a></div>
<div class="product"><a href="https://www.amazon.com/dp/B0C85D9LT3?tag=eloabder-20&linkCode=osi&th=1&psc=1"><img src="https://m.media-amazon.com/images/I/418DOElHohL._SL500_.jpg" alt="Product Image"></a><p>MoNiBloom Foldable Pet Stroller with Weather Cover, 3 Wheels Pet Strolling Cart for Small/Medium Dogs and Cats with Storage Basket and Cup Holder, Breathable and Visible Mesh for All-Season, Black</p><p> -34% 0FF </p><p>$46.54</p><a href="https://www.amazon.com/dp/B0C85D9LT3?tag=eloabder-20&linkCode=osi&th=1&psc=1">View Product</a></div><div class="product"><a href="https://www.amazon.com/dp/B0C85D7H92?tag=eloabder-20&linkCode=osi&th=1&psc=1"><img src="https://m.media-amazon.com/images/I/41wgVSYG8ML._SL500_.jpg" alt="Product Image"></a><p>MoNiBloom 3 Wheels Pet Stroller, Foldable Dog Cat Cage Jogger Stroller with Weather Cover for All-Season, Storage Basket and Cup Holder, Breathable and Visible Mesh for Small/Medium Pets, Blue</p><p> -23% 0FF </p><p>$53.99</p><a href="https://www.amazon.com/dp/B0C85D7H92?tag=eloabder-20&linkCode=osi&th=1&psc=1">View Product</a></div><div class="product"><a href="https://www.amazon.com/dp/B00SGMIKF6?tag=eloabder-20&linkCode=osi&th=1&psc=1"><img src="https://m.media-amazon.com/images/I/41lNHFLM4lL._SL500_.jpg" alt="Product Image"></a><p>BestPet | 3-Wheel Pet Stroller | Dog and Cat Stroller | Breathable Mesh | Lightweight Travel Carrier | Waterproof & Foldable Design | Storage Basket | Black | for Daily Walks & Outdoor Use</p><p> -25% 0FF </p><p>$44.99</p><a href="https://www.amazon.com/dp/B00SGMIKF6?tag=eloabder-20&linkCode=osi&th=1&psc=1">View Product</a></div><div class="product"><a href="https://www.amazon.com/dp/B0DBPS43RH?tag=eloabder-20&linkCode=osi&th=1&psc=1"><img src="https://m.media-amazon.com/images/I/41617xgqkgL._SL500_.jpg" alt="Product Image"></a><p>MoNiBloom 3 Wheels Pet Dog Cat Stroller for Small Medium Dogs and Cats, Lightweight Foldable Jogger Stroller w/Storage Basket and Cup Holder, Gray</p><p> -22% 0FF </p><p>$56.98</p><a href="https://www.amazon.com/dp/B0DBPS43RH?tag=eloabder-20&linkCode=osi&th=1&psc=1">View Product</a></div>
<div class="product"><a href="https://www.amazon.com/dp/B0F83V87M6?tag=eloabder-20&linkCode=osi&th=1&psc=1"><img src="https://m.media-amazon.com/images/I/515z4HsNRrL._SL500_.jpg" alt="Product Image"></a><p>HBTower 63" Long & 17.3" Wide Folding Dog Ramp for Car, SUV & Truck – Portable Pet Ramp with Non-Slip Surface, Extra Wide Steps for Large Dogs Up to 250LBS</p><p> -20% 0FF </p><p>$67.99</p><a href="https://www.amazon.com/dp/B0F83V87M6?tag=eloabder-20&linkCode=osi&th=1&psc=1">View Product</a></div><div class="product"><a href="https://www.amazon.com/dp/B0DJLKLX6B?tag=eloabder-20&linkCode=osi&th=1&psc=1"><img src="https://m.media-amazon.com/images/I/518SIf-V0EL._SL500_.jpg" alt="Product Image"></a><p>Dog Ramp for Car 𝟕𝟏”𝐱𝟐𝟎” Large Folding Pet Stair Ramps for Truck, SUV, with Non-Slip Surface, Up to 250LBS, Outdoor Dog Car Ramp for Medium & Large Dogs, Portable Pet Steps</p><p> -5% 0FF </p><p>$123.99</p><a href="https://www.amazon.com/dp/B0DJLKLX6B?tag=eloabder-20&linkCode=osi&th=1&psc=1">View Product</a></div><div class="product"><a href="https://www.amazon.com/dp/B0016HPTFW?tag=eloabder-20&linkCode=osi&th=1&psc=1"><img src="https://m.media-amazon.com/images/I/311yqmsWpbL._SL500_.jpg" alt="Product Image"></a><p>PetSafe Happy Ride Compact Telescoping Dog Ramp - Portable Pet Ramp for Cars, Trucks & SUVs with Adjustable Sizing - Non-Slip Design - Lightweight Pet Mobility Assistance - Extra Long</p><p> -15% 0FF </p><p>$169.95</p><a href="https://www.amazon.com/dp/B0016HPTFW?tag=eloabder-20&linkCode=osi&th=1&psc=1">View Product</a></div><div class="product"><a href="https://www.amazon.com/dp/B0F13FY1S9?tag=eloabder-20&linkCode=osi&th=1&psc=1"><img src="https://m.media-amazon.com/images/I/51ZMQIHvq8L._SL500_.jpg" alt="Product Image"></a><p>Dog Ramps for Stairs, Wooden Pet Ramp Stairs for Small Medium Dogs, Non-Slip Dog Pet Steps for Any Staircase, Stair Ramp for Injured Dogs with Anti-Slip Strip, 4 Pack</p><p> -14% 0FF </p><p>$75.99</p><a href="https://www.amazon.com/dp/B0F13FY1S9?tag=eloabder-20&linkCode=osi&th=1&psc=1">View Product</a></div>
<div class="product"><a href="https://www.amazon.com/dp/B0CKQV4R3C?tag=eloabder-20&linkCode=osi&th=1&psc=1"><img src="https://m.media-amazon.com/images/I/51NBxEiCdfL._SL500_.jpg" alt="Product Image"></a><p>rabbitgoo Dog Car Barrier for SUVs, Adjustable Large Pet Gate, Universal-Fit Divider Cargo Net, Heavy-Duty Wire Mesh Dog Barrier SUV, Van Vehicles Subaru Car Accessories Safety Travel, Triple Folding</p><p> -11% 0FF </p><p>$39.98 ($39.98 / count)</p><a href="https://www.amazon.com/dp/B0CKQV4R3C?tag=eloabder-20&linkCode=osi&th=1&psc=1">View Product</a></div><div class="product"><a href="https://www.amazon.com/dp/B00JZHRYFI?tag=eloabder-20&linkCode=osi&th=1&psc=1"><img src="https://m.media-amazon.com/images/I/31-rkLAhGAL._SL500_.jpg" alt="Product Image"></a><p>PetSafe Happy Ride Metal Dog Barrier, Pet Gate Vehicle Divider for Cars, Minivans & SUVs</p><p> -13% 0FF </p><p>$64.95</p><a href="https://www.amazon.com/dp/B00JZHRYFI?tag=eloabder-20&linkCode=osi&th=1&psc=1">View Product</a></div><div class="product"><a href="https://www.amazon.com/dp/B0FCX28XQC?tag=eloabder-20&linkCode=osi&th=1&psc=1"><img src="https://m.media-amazon.com/images/I/41HCaZSvBmL._SL500_.jpg" alt="Product Image"></a><p>FLYSPEAR Wireless Pet Barrier - Rechargeable Indoor Barrier with 6 Adjustable Range Radius up to 7 ft, 6 Adjustable Safe Static Intensity, Electric Fence System for Dogs with Hook</p><p> -10% 0FF </p><p>$89.99</p><a href="https://www.amazon.com/dp/B0FCX28XQC?tag=eloabder-20&linkCode=osi&th=1&psc=1">View Product</a></div>
<div class="product"><a href="https://www.amazon.com/dp/B07HBD23SC?tag=eloabder-20&linkCode=osi&th=1&psc=1"><img src="https://m.media-amazon.com/images/I/41y3lyf0XnL._SL500_.jpg" alt="Product Image"></a><p>RADIUS USDA Organic Canine Pet Toothpaste 1 Unit, 3 oz, Non Toxic Toothpaste for Dogs, Designed to Clean Teeth and Help Prevent Tartar and Remove Plaque, Xylitol Free</p><p> -28% 0FF </p><p>$9.38</p><a href="https://www.amazon.com/dp/B07HBD23SC?tag=eloabder-20&linkCode=osi&th=1&psc=1">View Product</a></div><div class="product"><a href="https://www.amazon.com/dp/B01KD8725Y?tag=eloabder-20&linkCode=osi&th=1&psc=1"><img src="https://m.media-amazon.com/images/I/41NCTQGSk9L._SL500_.jpg" alt="Product Image"></a><p>Arm & Hammer for Pets Clinical Care Dental Enzymatic Toothpaste for Dogs Soothes Inflamed Gums Safe for Puppies 1 Pack Fresh Breath Vanilla Ginger (Pack of 1)</p><p> -9% 0FF </p><p>$8.18 ($3.27 / ounce)</p><a href="https://www.amazon.com/dp/B01KD8725Y?tag=eloabder-20&linkCode=osi&th=1&psc=1">View Product</a></div>
<div class="product"><a href="https://www.amazon.com/dp/B0CZLXQN4W?tag=eloabder-20&linkCode=osi&th=1&psc=1"><img src="https://m.media-amazon.com/images/I/41Lp+KVgbYL._SL500_.jpg" alt="Product Image"></a><p>IRIS USA Airtight Dog Food Storage Container, Up to 10 lbs Each, 2 Pack, for Dog Cat Bird and Other Pet Food Storage Bin, Keep Fresh, Translucent Body, BPA Free, Clear/Black</p><p> -24% 0FF </p><p>$19.99 ($10.00 / count)</p><a href="https://www.amazon.com/dp/B0CZLXQN4W?tag=eloabder-20&linkCode=osi&th=1&psc=1">View Product</a></div><div class="product"><a href="https://www.amazon.com/dp/B007RBB662?tag=eloabder-20&linkCode=osi&th=1&psc=1"><img src="https://m.media-amazon.com/images/I/41eMzI5i44L._SL500_.jpg" alt="Product Image"></a><p>IRIS USA Airtight Dog Food Storage Container, WeatherPro, Up to 10 lbs, Removable Wheels, for Dog Cat Bird and Other Pet Food Storage Bin, Keep Fresh, Translucent Body, Made in USA, Clear/Black</p><p> -16% 0FF </p><p>$15.98</p><a href="https://www.amazon.com/dp/B007RBB662?tag=eloabder-20&linkCode=osi&th=1&psc=1">View Product</a></div><div class="product"><a href="https://www.amazon.com/dp/B00186O0VU?tag=eloabder-20&linkCode=osi&th=1&psc=1"><img src="https://m.media-amazon.com/images/I/41rhczEmnCL._SL500_.jpg" alt="Product Image"></a><p>IRIS USA 2-Piece 41 Lbs / 45 Qt WeatherPro Airtight Pet Food Storage Container Combo and Treat Box for Dog Cat and Bird Food, Stackable, Keep Fresh, Translucent Body, Easy Mobility, Navy</p><p> -16% 0FF </p><p>$26.99</p><a href="https://www.amazon.com/dp/B00186O0VU?tag=eloabder-20&linkCode=osi&th=1&psc=1">View Product</a></div><div class="product"><a href="https://www.amazon.com/dp/B0CR42S6Z6?tag=eloabder-20&linkCode=osi&th=1&psc=1"><img src="https://m.media-amazon.com/images/I/41xfxL+hl1L._SL500_.jpg" alt="Product Image"></a><p>DDMOMMY 20-23 Lbs Dog Food Storage Container, Collapsible Dog Food Container with Transparent Airtight Lid,Multifunctional Pet Food Storage Container for Dog Cat,Rice,Flour,Pet Food Scoop and Dog Bowl</p><p> -28% 0FF </p><p>$21.48</p><a href="https://www.amazon.com/dp/B0CR42S6Z6?tag=eloabder-20&linkCode=osi&th=1&psc=1">View Product</a></div><div class="product"><a href="https://www.amazon.com/dp/B0D6X28H36?tag=eloabder-20&linkCode=osi&th=1&psc=1"><img src="https://m.media-amazon.com/images/I/31ZzP5BWU-L._SL500_.jpg" alt="Product Image"></a><p>IRIS USA Dog Food Storage Container with Wheels, Airtight Lid, 2-Cup Scoop, Up to 54 Pounds Pet Food Storage, Built in Scoop Storage in Lid, Versatile Pet Food Bin, Portable, BPA Free, Gray/Dark Gray</p><p> -11% 0FF </p><p>$37.49</p><a href="https://www.amazon.com/dp/B0D6X28H36?tag=eloabder-20&linkCode=osi&th=1&psc=1">View Product</a></div>

<div class="product"><a href="https://www.amazon.com/dp/B0CGZ7N7J4?tag=eloabder-20&linkCode=osi&th=1&psc=1"><img src="https://m.media-amazon.com/images/I/41dGghK+AoL._SL500_.jpg" alt="Product Image"></a><p>Dokotoo Men Mens Fashion Sweatshirts Fall Winter Clothes Long Sleeve Lightweight Thin Shirt Geometric Texture Dressy Crewneck Pullover Sweaters Brown X-Large</p><p> -11% 0FF </p><p>$19.99</p><a href="https://www.amazon.com/dp/B0CGZ7N7J4?tag=eloabder-20&linkCode=osi&th=1&psc=1">View Product</a></div><div class="product"><a href="https://www.amazon.com/dp/B0D4DG71YH?tag=eloabder-20&linkCode=osi&th=1&psc=1"><img src="https://m.media-amazon.com/images/I/41KS7EqUoGL._SL500_.jpg" alt="Product Image"></a><p>JMIERR Men Sweatshirts Front Collar Comfy Simple Plain Long Sleeve Drawstring Hoodies for Men with Pocket Pullover Casual Fashion Winter Autumn Shirt Big and Tall Sweater, US60(5XL), Khaki</p><p> -14% 0FF </p><p>$29.99</p><a href="https://www.amazon.com/dp/B0D4DG71YH?tag=eloabder-20&linkCode=osi&th=1&psc=1">View Product</a></div>

<div class="product"><a href="https://www.amazon.com/dp/B00ACIGNMY?tag=eloabder-20&linkCode=osi&th=1&psc=1"><img src="https://m.media-amazon.com/images/I/41Je9e62ioL._SL500_.jpg" alt="Product Image"></a><p>Hanes Mens Tagless Briefs, Soft Moisture Wicking Underwear, 7-pack Briefs-underwear, Gray/Black - 7 Pack, Large US</p><p> -43% 0FF </p><p>$24.00</p><a href="https://www.amazon.com/dp/B00ACIGNMY?tag=eloabder-20&linkCode=osi&th=1&psc=1">View Product</a></div><div class="product"><a href="https://www.amazon.com/dp/B00L6TPSHY?tag=eloabder-20&linkCode=osi&th=1&psc=1"><img src="https://m.media-amazon.com/images/I/41mJ+iLWkdL._SL500_.jpg" alt="Product Image"></a><p>Hanes Men's 6-Pack Tagless No Ride Up Briefs with ComfortSoft Waistband, Assorted, Medium</p><p> -10% 0FF </p><p>$17.98</p><a href="https://www.amazon.com/dp/B00L6TPSHY?tag=eloabder-20&linkCode=osi&th=1&psc=1">View Product</a></div><div class="product"><a href="https://www.amazon.com/dp/B07814714H?tag=eloabder-20&linkCode=osi&th=1&psc=1"><img src="https://m.media-amazon.com/images/I/416IVo-7aSL._SL500_.jpg" alt="Product Image"></a><p>Gildan Men's Underwear Covered Waistband Boxer Briefs, Multipack, Mixed Garnet (5-Pack), Large</p><p> -27% 0FF </p><p>$13.09</p><a href="https://www.amazon.com/dp/B07814714H?tag=eloabder-20&linkCode=osi&th=1&psc=1">View Product</a></div>
<div class="product"><a href="https://www.amazon.com/dp/B07FTGY1XR?tag=eloabder-20&linkCode=osi&th=1&psc=1"><img src="https://m.media-amazon.com/images/I/41yHcW15a8L._SL500_.jpg" alt="Product Image"></a><p>NORTIV 8 Men's Insulated Waterproof Construction Hiking Winter Snow Boots,Size 10.5,Black/1,TUNDRA</p><p> -10% 0FF </p><p>$43.19</p><a href="https://www.amazon.com/dp/B07FTGY1XR?tag=eloabder-20&linkCode=osi&th=1&psc=1">View Product</a></div>
<div class="product"><a href="https://www.amazon.com/dp/B0B2JCJ6ZD?tag=eloabder-20&linkCode=osi&th=1&psc=1"><img src="https://m.media-amazon.com/images/I/41VdGeYGPxL._SL500_.jpg" alt="Product Image"></a><p>Bruno Marc Men's Casual Dress Sneaker Shoes, Business Formal Derby Plain Toe Oxfords Crossflex GentEdge,Size 11,Brown,SBOX223M</p><p> -21% 0FF </p><p>$36.54</p><a href="https://www.amazon.com/dp/B0B2JCJ6ZD?tag=eloabder-20&linkCode=osi&th=1&psc=1">View Product</a></div><div class="product"><a href="https://www.amazon.com/dp/B06XC8ZR39?tag=eloabder-20&linkCode=osi&th=1&psc=1"><img src="https://m.media-amazon.com/images/I/41zZ6LIDM7L._SL500_.jpg" alt="Product Image"></a><p>Bruno Marc Men's Dress Oxford Shoes Classic Lace Up Formal Shoes,Size 10.5,Black,DOWNING-02</p><p> -29% 0FF </p><p>$39.99</p><a href="https://www.amazon.com/dp/B06XC8ZR39?tag=eloabder-20&linkCode=osi&th=1&psc=1">View Product</a></div><div class="product"><a href="https://www.amazon.com/dp/B00SMJO8S6?tag=eloabder-20&linkCode=osi&th=1&psc=1"><img src="https://m.media-amazon.com/images/I/315NtaJJD+L._SL500_.jpg" alt="Product Image"></a><p>Clarks Men's Tilden Cap Oxford, Black Leather, 10</p><p> -20% 0FF </p><p>$72.00</p><a href="https://www.amazon.com/dp/B00SMJO8S6?tag=eloabder-20&linkCode=osi&th=1&psc=1">View Product</a></div><div class="product"><a href="https://www.amazon.com/dp/B0D7P3YQ41?tag=eloabder-20&linkCode=osi&th=1&psc=1"><img src="https://m.media-amazon.com/images/I/41HxmcfcX2L._SL500_.jpg" alt="Product Image"></a><p>Bruno Marc Men's MaxFlex Dress Sneakers Oxfords Casual Wingtip Brogue Shoes,Size 11,All Black,SBOX2326M</p><p> -15% 0FF </p><p>$39.09</p><a href="https://www.amazon.com/dp/B0D7P3YQ41?tag=eloabder-20&linkCode=osi&th=1&psc=1">View Product</a></div><div class="product"><a href="https://www.amazon.com/dp/B0007TQ9PY?tag=eloabder-20&linkCode=osi&th=1&psc=1"><img src="https://m.media-amazon.com/images/I/31CtT3W-TML._SL500_.jpg" alt="Product Image"></a><p>Dockers Men’s Gordon Leather Oxford Dress Shoe,Black,10.5 M US</p><p> -47% 0FF </p><p>$45.38</p><a href="https://www.amazon.com/dp/B0007TQ9PY?tag=eloabder-20&linkCode=osi&th=1&psc=1">View Product</a></div><div class="product"><a href="https://www.amazon.com/dp/B0BNWBCKG8?tag=eloabder-20&linkCode=osi&th=1&psc=1"><img src="https://m.media-amazon.com/images/I/31pDIP6AqsL._SL500_.jpg" alt="Product Image"></a><p>Clarks Collection Men's Whiddon Cap Oxford, Mahogany Leather, 7.5 Medium US</p><p> -20% 0FF </p><p>$76.00</p><a href="https://www.amazon.com/dp/B0BNWBCKG8?tag=eloabder-20&linkCode=osi&th=1&psc=1">View Product</a></div><div class="product"><a href="https://www.amazon.com/dp/B01MQVSJVP?tag=eloabder-20&linkCode=osi&th=1&psc=1"><img src="https://m.media-amazon.com/images/I/41nrqB4TeJL._SL500_.jpg" alt="Product Image"></a><p>Cole Haan Men's 2.Zerogrand Laser Wingtip Oxford, British tan/Java, 12</p><p> -17% 0FF </p><p>$139.95</p><a href="https://www.amazon.com/dp/B01MQVSJVP?tag=eloabder-20&linkCode=osi&th=1&psc=1">View Product</a></div><div class="product"><a href="https://www.amazon.com/dp/B01KAU0GZ8?tag=eloabder-20&linkCode=osi&th=1&psc=1"><img src="https://m.media-amazon.com/images/I/415oCa6tRWL._SL500_.jpg" alt="Product Image"></a><p>Bruno Marc Men's Leather Lined Dress Oxfords Shoes,Size 10.5,Brown,PRINCE-16</p><p> -28% 0FF </p><p>$37.99</p><a href="https://www.amazon.com/dp/B01KAU0GZ8?tag=eloabder-20&linkCode=osi&th=1&psc=1">View Product</a></div><div class="product"><a href="https://www.amazon.com/dp/B07TS4PZG1?tag=eloabder-20&linkCode=osi&th=1&psc=1"><img src="https://m.media-amazon.com/images/I/31l3YUpsjbL._SL500_.jpg" alt="Product Image"></a><p>Dr. Scholl's Men's Sync Plain Toe Dress Casual Oxford, Dark Brown Fearless, 9.5 Wide US</p><p> -32% 0FF </p><p>$65.00</p><a href="https://www.amazon.com/dp/B07TS4PZG1?tag=eloabder-20&linkCode=osi&th=1&psc=1">View Product</a></div>
<div class="product"><a href="https://www.amazon.com/dp/B0716GJZ4F?tag=eloabder-20&linkCode=osi&th=1&psc=1"><img src="https://m.media-amazon.com/images/I/51o8iPeFUOL._SL500_.jpg" alt="Product Image"></a><p>Dockers Men's Newpage Sandal briar 10 W US</p><p> -51% 0FF </p><p>$34.48</p><a href="https://www.amazon.com/dp/B0716GJZ4F?tag=eloabder-20&linkCode=osi&th=1&psc=1">View Product</a></div><div class="product"><a href="https://www.amazon.com/dp/B09ZF3H6LN?tag=eloabder-20&linkCode=osi&th=1&psc=1"><img src="https://m.media-amazon.com/images/I/41EpoR9OprL._SL500_.jpg" alt="Product Image"></a><p>KuaiLu Men's Leather Flip Flops Arch Support Summer Beach Pool Water Thong Sandals Waterproof Rubber Walking Shoes Slip on Orthotic Casual Sport Cushioned Wide Slides Shower Slippers Brown Size 10.5</p><p> -25% 0FF </p><p>$14.99</p><a href="https://www.amazon.com/dp/B09ZF3H6LN?tag=eloabder-20&linkCode=osi&th=1&psc=1">View Product</a></div><div class="product"><a href="https://www.amazon.com/dp/B08R3GHLNH?tag=eloabder-20&linkCode=osi&th=1&psc=1"><img src="https://m.media-amazon.com/images/I/41VT1u9LgbL._SL500_.jpg" alt="Product Image"></a><p>FITORY Mens Sandals, Arch Support Slides with Adjustable Buckle Straps and Cork Footbed Brown Size 10</p><p> -45% 0FF </p><p>$27.54</p><a href="https://www.amazon.com/dp/B08R3GHLNH?tag=eloabder-20&linkCode=osi&th=1&psc=1">View Product</a></div><div class="product"><a href="https://www.amazon.com/dp/B07CZ54WT4?tag=eloabder-20&linkCode=osi&th=1&psc=1"><img src="https://m.media-amazon.com/images/I/31iUYzt74kL._SL500_.jpg" alt="Product Image"></a><p>Reef Cushion Phantom Men's Sandals Brown/tan - 11 Medium</p><p> -33% 0FF </p><p>$39.97</p><a href="https://www.amazon.com/dp/B07CZ54WT4?tag=eloabder-20&linkCode=osi&th=1&psc=1">View Product</a></div><div class="product"><a href="https://www.amazon.com/dp/B00ZUY6YZQ?tag=eloabder-20&linkCode=osi&th=1&psc=1"><img src="https://m.media-amazon.com/images/I/31G+uOysh5L._SL500_.jpg" alt="Product Image"></a><p>Reef Fanning Sandals - Men's, Black/Silver 12 M</p><p> -35% 0FF </p><p>$41.94</p><a href="https://www.amazon.com/dp/B00ZUY6YZQ?tag=eloabder-20&linkCode=osi&th=1&psc=1">View Product</a></div><div class="product"><a href="https://www.amazon.com/dp/B01M3RJ93F?tag=eloabder-20&linkCode=osi&th=1&psc=1"><img src="https://m.media-amazon.com/images/I/310dfFkW6rL._SL500_.jpg" alt="Product Image"></a><p>Dockers Men's Sunland Slide Sandal, Black, 10</p><p> -51% 0FF </p><p>$34.19</p><a href="https://www.amazon.com/dp/B01M3RJ93F?tag=eloabder-20&linkCode=osi&th=1&psc=1">View Product</a></div><div class="product"><a href="https://www.amazon.com/dp/B07X3FKWYS?tag=eloabder-20&linkCode=osi&th=1&psc=1"><img src="https://m.media-amazon.com/images/I/414ynAyoIjL._SL500_.jpg" alt="Product Image"></a><p>Jousen Men's Sandals Leather Open Toe Beach Sandal Dark Brown Outdoor Summer Sport Sandals (AMY662 Dark Brown 10)</p><p> -28% 0FF </p><p>$32.99</p><a href="https://www.amazon.com/dp/B07X3FKWYS?tag=eloabder-20&linkCode=osi&th=1&psc=1">View Product</a></div><div class="product"><a href="https://www.amazon.com/dp/B07BPZKSJZ?tag=eloabder-20&linkCode=osi&th=1&psc=1"><img src="https://m.media-amazon.com/images/I/51OgnHDzWTL._SL500_.jpg" alt="Product Image"></a><p>BINSHUN Sandals for Men Leather Hiking Sandals Athletic Walking Sports Fisherman Beach Shoes with Closed Toe</p><p> -10% 0FF </p><p>$29.87</p><a href="https://www.amazon.com/dp/B07BPZKSJZ?tag=eloabder-20&linkCode=osi&th=1&psc=1">View Product</a></div><div class="product"><a href="https://www.amazon.com/dp/B08YR1F8LQ?tag=eloabder-20&linkCode=osi&th=1&psc=1"><img src="https://m.media-amazon.com/images/I/41hSD6Adm1L._SL500_.jpg" alt="Product Image"></a><p>KuaiLu Mens Leather Sport Flip Flops Comfort Orthotic Thong Sandals with Plantar Fasciitis Arch Support for Outdoor Summer</p><p> -22% 0FF </p><p>$27.99</p><a href="https://www.amazon.com/dp/B08YR1F8LQ?tag=eloabder-20&linkCode=osi&th=1&psc=1">View Product</a></div>
<div class="product"><a href="https://www.amazon.com/dp/B09M3Z63QP?tag=eloabder-20&linkCode=osi&th=1&psc=1"><img src="https://m.media-amazon.com/images/I/51xLtsQ3QuL._SL500_.jpg" alt="Product Image"></a><p>RUNBOX Men's Wallets 15 Card Holder Slim Rfid Leather 2 ID Window With Gift Box Men's Accessories</p><p> -32% 0FF </p><p>$14.99</p><a href="https://www.amazon.com/dp/B09M3Z63QP?tag=eloabder-20&linkCode=osi&th=1&psc=1">View Product</a></div><div class="product"><a href="https://www.amazon.com/dp/B092VR48NK?tag=eloabder-20&linkCode=osi&th=1&psc=1"><img src="https://m.media-amazon.com/images/I/519fN7eFdjL._SL500_.jpg" alt="Product Image"></a><p>RUNBOX Novelty Wallet for Men Slim 11 Credit Card Holder Slots Leather RFID Blocking Small Thin Men's Wallet Bifold Minimalist Front Pocket Large Capacity Gift Box</p><p> -60% 0FF </p><p>$11.99</p><a href="https://www.amazon.com/dp/B092VR48NK?tag=eloabder-20&linkCode=osi&th=1&psc=1">View Product</a></div><div class="product"><a href="https://www.amazon.com/dp/B0FCFLBPRZ?tag=eloabder-20&linkCode=osi&th=1&psc=1"><img src="https://m.media-amazon.com/images/I/41H9+SOX03L._SL500_.jpg" alt="Product Image"></a><p>Wallet for Men, RFID Wallet with Money Clip & ID Window, Minimalist Pop Up Credit Card Case Holder 10-12 Cards, Bifold Slim Smart Wallet for Front Pocket, Compact Metal Wallets, Gifts for Men, Carbon</p><p> -49% 0FF </p><p>$18.99</p><a href="https://www.amazon.com/dp/B0FCFLBPRZ?tag=eloabder-20&linkCode=osi&th=1&psc=1">View Product</a></div>
<div class="product"><a href="https://www.amazon.com/dp/B0BW8Q72R5?tag=eloabder-20&linkCode=osi&th=1&psc=1"><img src="https://m.media-amazon.com/images/I/41XQ7S39MmL._SL500_.jpg" alt="Product Image"></a><p>CARITATE Black Beaded Bracelets for Men Boys - 6mm Obsidian Onyx Lava Beads Mens Bracelet Set Mens Jewelry - Cool Anniversary Valentines Fathers Birthday Gifts for Him Boyfriend Husband Man Son Dad</p><p> -20% 0FF </p><p>$11.19</p><a href="https://www.amazon.com/dp/B0BW8Q72R5?tag=eloabder-20&linkCode=osi&th=1&psc=1">View Product</a></div><div class="product"><a href="https://www.amazon.com/dp/B0D47HNYR7?tag=eloabder-20&linkCode=osi&th=1&psc=1"><img src="https://m.media-amazon.com/images/I/21p1U2mzHKL._SL500_.jpg" alt="Product Image"></a><p>YANCHUN Necklace for Men Stocking Stuffers Black Beaded Puka Shell Necklaces Chain Christmas Gifts for Men Jewelry Gift for Dad Son Husband Boyfriend</p><p> -17% 0FF </p><p>$9.99</p><a href="https://www.amazon.com/dp/B0D47HNYR7?tag=eloabder-20&linkCode=osi&th=1&psc=1">View Product</a></div>
<div class="product"><a href="https://www.amazon.com/dp/B0DRCKRXFY?tag=eloabder-20&linkCode=osi&th=1&psc=1"><img src="https://m.media-amazon.com/images/I/41uAEGF-aKL._SL500_.jpg" alt="Product Image"></a><p>Romass 4Pcs Cross Necklace for Men,Stainless Steel Chains for Men Layered Necklaces Silver Gold Black Pendant Jewelry Box Gifts 18-24 Inches (4Pcs 18in/20in, Silver+Black)</p><p> -17% 0FF </p><p>$9.99</p><a href="https://www.amazon.com/dp/B0DRCKRXFY?tag=eloabder-20&linkCode=osi&th=1&psc=1">View Product</a></div><div class="product"><a href="https://www.amazon.com/dp/B07MMTTSYZ?tag=eloabder-20&linkCode=osi&th=1&psc=1"><img src="https://m.media-amazon.com/images/I/41TaHHkYRzL._SL500_.jpg" alt="Product Image"></a><p>Jstyle Stainless Steel Pendant Necklace For Mens Cool Spearpoint Arrowhead Pendant Chain Necklace Set Black & Silver Tone</p><p> -5% 0FF </p><p>$17.99</p><a href="https://www.amazon.com/dp/B07MMTTSYZ?tag=eloabder-20&linkCode=osi&th=1&psc=1">View Product</a></div><div class="product"><a href="https://www.amazon.com/dp/B0B6SBGWD1?tag=eloabder-20&linkCode=osi&th=1&psc=1"><img src="https://m.media-amazon.com/images/I/412V9xmzp9L._SL500_.jpg" alt="Product Image"></a><p>Yooblue Cross Necklace for Men - Stainless Steel Cross Chain Necklace for Men, Mens Jewelry Cross Pendant Cross Necklace, Layered Silver Chain for Men</p><p> -38% 0FF </p><p>$9.99</p><a href="https://www.amazon.com/dp/B0B6SBGWD1?tag=eloabder-20&linkCode=osi&th=1&psc=1">View Product</a></div><div class="product"><a href="https://www.amazon.com/dp/B0F9NQFZ3B?tag=eloabder-20&linkCode=osi&th=1&psc=1"><img src="https://m.media-amazon.com/images/I/31GB2zqKPlL._SL500_.jpg" alt="Product Image"></a><p>OLARCU 3.5mm Mens Silver Stainless Steel Cuban Link Chain Necklace for Men (3.5mm-Silver, 20 Inches)</p><p> -25% 0FF </p><p>$11.28</p><a href="https://www.amazon.com/dp/B0F9NQFZ3B?tag=eloabder-20&linkCode=osi&th=1&psc=1">View Product</a></div>
<div class="product"><a href="https://www.amazon.com/dp/B06XWM86PP?tag=eloabder-20&linkCode=osi&th=1&psc=1"><img src="https://m.media-amazon.com/images/I/316Oy2Nf6WL._SL500_.jpg" alt="Product Image"></a><p>Amazon Essentials Men's Classic-Fit 9" Chino Shorts, Deep Blue, 31</p><p> -13% 0FF </p><p>$16.03</p><a href="https://www.amazon.com/dp/B06XWM86PP?tag=eloabder-20&linkCode=osi&th=1&psc=1">View Product</a></div><div class="product"><a href="https://www.amazon.com/dp/B0BHXHSFK9?tag=eloabder-20&linkCode=osi&th=1&psc=1"><img src="https://m.media-amazon.com/images/I/41aMCAVm+TL._SL500_.jpg" alt="Product Image"></a><p>Nike Men's Essential Micro Boxer 3 Pack Brief, Black/Grey/Blue, Medium</p><p> -8% 0FF </p><p>$36.38</p><a href="https://www.amazon.com/dp/B0BHXHSFK9?tag=eloabder-20&linkCode=osi&th=1&psc=1">View Product</a></div><div class="product"><a href="https://www.amazon.com/dp/B0CPQ998G1?tag=eloabder-20&linkCode=osi&th=1&psc=1"><img src="https://m.media-amazon.com/images/I/21Bx3WN1FBL._SL500_.jpg" alt="Product Image"></a><p>HEYDUDE Sirocco Alta M Essentials White/White Size 11, Men's Shoes, Casual Sneakers, Comfortable & Light-Weight</p><p> -38% 0FF </p><p>$49.39</p><a href="https://www.amazon.com/dp/B0CPQ998G1?tag=eloabder-20&linkCode=osi&th=1&psc=1">View Product</a></div><div class="product"><a href="https://www.amazon.com/dp/B08M81BY33?tag=eloabder-20&linkCode=osi&th=1&psc=1"><img src="https://m.media-amazon.com/images/I/31hJHjIF4jL._SL500_.jpg" alt="Product Image"></a><p>adidas Men's Essentials Warm-up 3-Stripes Track Top, Black/White, XX-Large</p><p> -27% 0FF </p><p>$39.99</p><a href="https://www.amazon.com/dp/B08M81BY33?tag=eloabder-20&linkCode=osi&th=1&psc=1">View Product</a></div><div class="product"><a href="https://www.amazon.com/dp/B08MKRSK99?tag=eloabder-20&linkCode=osi&th=1&psc=1"><img src="https://m.media-amazon.com/images/I/31LQExPPcpL._SL500_.jpg" alt="Product Image"></a><p>adidas mens Essentials Warm-up Slim Tapered 3-stripes Tracksuit Bottoms Pants, Black/White, X-Small US</p><p> -33% 0FF </p><p>$29.99</p><a href="https://www.amazon.com/dp/B08MKRSK99?tag=eloabder-20&linkCode=osi&th=1&psc=1">View Product</a></div><div class="product"><a href="https://www.amazon.com/dp/B0D28H1K7X?tag=eloabder-20&linkCode=osi&th=1&psc=1"><img src="https://m.media-amazon.com/images/I/31F0UxW8YHL._SL500_.jpg" alt="Product Image"></a><p>adidas Men's Essentials 3-Stripes Sportswear Windbreaker, White/Black, X-Large</p><p> -43% 0FF </p><p>$39.80</p><a href="https://www.amazon.com/dp/B0D28H1K7X?tag=eloabder-20&linkCode=osi&th=1&psc=1">View Product</a></div>
<div class="product"><a href="https://www.amazon.com/dp/B0D1QN41ZY?tag=eloabder-20&linkCode=osi&th=1&psc=1"><img src="https://m.media-amazon.com/images/I/41vgiZdQ1XL._SL500_.jpg" alt="Product Image"></a><p>LORENZO BRUNO Mens Suit 2 Piece Black Suits for Men One Button Slim Fit Solid Jacket & Pants Tuxedo Set Business Wedding Party, Black, L</p><p> -10% 0FF </p><p>$65.60</p><a href="https://www.amazon.com/dp/B0D1QN41ZY?tag=eloabder-20&linkCode=osi&th=1&psc=1">View Product</a></div><div class="product"><a href="https://www.amazon.com/dp/B0BHYM7PM9?tag=eloabder-20&linkCode=osi&th=1&psc=1"><img src="https://m.media-amazon.com/images/I/41RE-4MraWL._SL500_.jpg" alt="Product Image"></a><p>LUPURTY Suits for Men, 3 Piece Men's Suit Slim Fit, Solid Jacket Vest Pants with Tie, One Button Tuxedo Set for Business, Wedding, Navy Blue L</p><p> -19% 0FF </p><p>$80.98</p><a href="https://www.amazon.com/dp/B0BHYM7PM9?tag=eloabder-20&linkCode=osi&th=1&psc=1">View Product</a></div>

<div class="product"><a href="https://www.amazon.com/dp/B0FGXKHB97?tag=eloabder-20&linkCode=osi&th=1&psc=1"><img src="https://m.media-amazon.com/images/I/41z5hEb2IzL._SL500_.jpg" alt="Product Image"></a><p>COOFANDY Men's Dress Shirts Long Sleeve Formal Shirt Wrinkle Free Business Casual Button Down Shirt Dark Army Green</p><p> -15% 0FF </p><p>$22.99</p><a href="https://www.amazon.com/dp/B0FGXKHB97?tag=eloabder-20&linkCode=osi&th=1&psc=1">View Product</a></div><div class="product"><a href="https://www.amazon.com/dp/B01MQUFNEQ?tag=eloabder-20&linkCode=osi&th=1&psc=1"><img src="https://m.media-amazon.com/images/I/31M8QWTWz+L._SL500_.jpg" alt="Product Image"></a><p>Clarks Men's Tilden Cap Oxford Shoe Dark Tan Leather 7.5 M</p><p> -20% 0FF </p><p>$72.00</p><a href="https://www.amazon.com/dp/B01MQUFNEQ?tag=eloabder-20&linkCode=osi&th=1&psc=1">View Product</a></div><div class="product"><a href="https://www.amazon.com/dp/B0D8J4S61K?tag=eloabder-20&linkCode=osi&th=1&psc=1"><img src="https://m.media-amazon.com/images/I/41ftsU6TXPL._SL500_.jpg" alt="Product Image"></a><p>COOFANDY Suit Vest for Men Notch Lapel Dress Vests Slim Fit Formal Business Waistcoat, Pastel Gray, M</p><p> -28% 0FF </p><p>$24.99</p><a href="https://www.amazon.com/dp/B0D8J4S61K?tag=eloabder-20&linkCode=osi&th=1&psc=1">View Product</a></div>
<div class="product"><a href="https://www.amazon.com/dp/B0D77MHZ3D?tag=eloabder-20&linkCode=osi&th=1&psc=1"><img src="https://m.media-amazon.com/images/I/4161oCN5FML._SL500_.jpg" alt="Product Image"></a><p>Dokotoo Men Men's Fashion Sweatshirts Casual Quarter Zip Up Dress Sweaters Solid Geometric Long Sleeve Workout Pullover Fall Clothes Grey Medium</p><p> -33% 0FF </p><p>$19.99</p><a href="https://www.amazon.com/dp/B0D77MHZ3D?tag=eloabder-20&linkCode=osi&th=1&psc=1">View Product</a></div>
<div class="product"><a href="https://www.amazon.com/dp/B07Y86J8Y7?tag=eloabder-20&linkCode=osi&th=1&psc=1"><img src="https://m.media-amazon.com/images/I/415fUyTAvML._SL500_.jpg" alt="Product Image"></a><p>AISIYEDO Winter Windproof Ear Flap Hats Denim Baseball Cap Ushanka Trapper Hat Men&Women Fashion Army Cap</p><p> -25% 0FF </p><p>$14.99</p><a href="https://www.amazon.com/dp/B07Y86J8Y7?tag=eloabder-20&linkCode=osi&th=1&psc=1">View Product</a></div>

<div class="product"><a href="https://www.amazon.com/dp/B09K8YYVWV?tag=eloabder-20&linkCode=osi&th=1&psc=1"><img src="https://m.media-amazon.com/images/I/4123dxF1ijL._SL500_.jpg" alt="Product Image"></a><p>Blue Buffalo Life Protection Formula Natural Adult Dry Dog Food, Chicken and Brown Rice 5-lb Trial Size Bag</p><p> -17% 0FF </p><p>$14.98 ($3.00 / lb)</p><a href="https://www.amazon.com/dp/B09K8YYVWV?tag=eloabder-20&linkCode=osi&th=1&psc=1">View Product</a></div><div class="product"><a href="https://www.amazon.com/dp/B0000AH3QT?tag=eloabder-20&linkCode=osi&th=1&psc=1"><img src="https://m.media-amazon.com/images/I/41FXHOzdCWL._SL500_.jpg" alt="Product Image"></a><p>Purina ONE Chicken and Rice Formula Dry Dog Food - 8 lb. Bag</p><p> -9% 0FF </p><p>$16.28 ($2.04 / lb)</p><a href="https://www.amazon.com/dp/B0000AH3QT?tag=eloabder-20&linkCode=osi&th=1&psc=1">View Product</a></div><div class="product"><a href="https://www.amazon.com/dp/B09K9FDLFN?tag=eloabder-20&linkCode=osi&th=1&psc=1"><img src="https://m.media-amazon.com/images/I/41fn4P3zY0L._SL500_.jpg" alt="Product Image"></a><p>Blue Buffalo Life Protection Formula Natural Adult Small Breed Dry Dog Food, Chicken and Brown Rice 5-lb Trial Size Bag</p><p> -13% 0FF </p><p>$17.48 ($3.50 / lb)</p><a href="https://www.amazon.com/dp/B09K9FDLFN?tag=eloabder-20&linkCode=osi&th=1&psc=1">View Product</a></div><div class="product"><a href="https://www.amazon.com/dp/B009IOCCD2?tag=eloabder-20&linkCode=osi&th=1&psc=1"><img src="https://m.media-amazon.com/images/I/41hzdgAAhmL._SL500_.jpg" alt="Product Image"></a><p>Purina ONE Dry Dog Food Lamb and Rice Formula - 31.1 lb. Bag</p><p> -17% 0FF </p><p>$48.98 ($1.57 / lb)</p><a href="https://www.amazon.com/dp/B009IOCCD2?tag=eloabder-20&linkCode=osi&th=1&psc=1">View Product</a></div><div class="product"><a href="https://www.amazon.com/dp/B06WGLV27L?tag=eloabder-20&linkCode=osi&th=1&psc=1"><img src="https://m.media-amazon.com/images/I/41+bgu7zfAL._SL500_.jpg" alt="Product Image"></a><p>Nutrish Dry Dog Food, Real Beef, Pea & Brown Rice Recipe Whole Health Blend for Adult Dogs, 40 lb. Bag, Packaging May Vary (Rachael Ray)</p><p> -26% 0FF </p><p>$43.99 ($1.10 / lb)</p><a href="https://www.amazon.com/dp/B06WGLV27L?tag=eloabder-20&linkCode=osi&th=1&psc=1">View Product</a></div><div class="product"><a href="https://www.amazon.com/dp/B0009YWKUA?tag=eloabder-20&linkCode=osi&th=1&psc=1"><img src="https://m.media-amazon.com/images/I/41gZ78TZzBL._SL500_.jpg" alt="Product Image"></a><p>Blue Buffalo Life Protection Formula Adult Dry Dog Food, Helps Build and Maintain Strong Muscles, Made with Natural Ingredients, Chicken & Brown Rice Recipe, 30-lb. Bag</p><p> -11% 0FF </p><p>$66.99 ($2.23 / lb)</p><a href="https://www.amazon.com/dp/B0009YWKUA?tag=eloabder-20&linkCode=osi&th=1&psc=1">View Product</a></div><div class="product"><a href="https://www.amazon.com/dp/B0009YUGAG?tag=eloabder-20&linkCode=osi&th=1&psc=1"><img src="https://m.media-amazon.com/images/I/41s0BUVfCbL._SL500_.jpg" alt="Product Image"></a><p>Blue Buffalo Life Protection Formula Adult Dry Dog Food, Helps Build and Maintain Strong Muscles, Made with Natural Ingredients, Chicken & Brown Rice Recipe, 15-lb. Bag</p><p> -15% 0FF </p><p>$37.98 ($2.53 / lb)</p><a href="https://www.amazon.com/dp/B0009YUGAG?tag=eloabder-20&linkCode=osi&th=1&psc=1">View Product</a></div>
<div class="product"><a href="https://www.amazon.com/dp/B0BFPJJTR9?tag=eloabder-20&linkCode=osi&th=1&psc=1"><img src="https://m.media-amazon.com/images/I/511o77BB+6L._SL500_.jpg" alt="Product Image"></a><p>Joytale Dog Leash for Large Dogs, Heavy Duty Nylon Leashes with Comfortable Padded Handle and Highly Reflective Threads, Ideal for Walking and Training, Black, 6'×1/2''</p><p> -10% 0FF </p><p>$7.19</p><a href="https://www.amazon.com/dp/B0BFPJJTR9?tag=eloabder-20&linkCode=osi&th=1&psc=1">View Product</a></div><div class="product"><a href="https://www.amazon.com/dp/B076F7HM8T?tag=eloabder-20&linkCode=osi&th=1&psc=1"><img src="https://m.media-amazon.com/images/I/41Qlfdjpa1L._SL500_.jpg" alt="Product Image"></a><p>TUG 360° Tangle-Free Retractable Dog Leash | 16 ft Strong Nylon Tape | One-Handed Brake, Pause, Lock (Medium, White)</p><p> -12% 0FF </p><p>$18.99</p><a href="https://www.amazon.com/dp/B076F7HM8T?tag=eloabder-20&linkCode=osi&th=1&psc=1">View Product</a></div><div class="product"><a href="https://www.amazon.com/dp/B095C8RXSH?tag=eloabder-20&linkCode=osi&th=1&psc=1"><img src="https://m.media-amazon.com/images/I/518Mz7ChiHL._SL500_.jpg" alt="Product Image"></a><p>Taglory Rope Dog Leash 6 FT with Comfortable Padded Handle, Highly Reflective Threads Leash for Medium Large Dogs, 1/2 inch, Hotpink</p><p> -36% 0FF </p><p>$9.99 ($9.99 / count)</p><a href="https://www.amazon.com/dp/B095C8RXSH?tag=eloabder-20&linkCode=osi&th=1&psc=1">View Product</a></div><div class="product"><a href="https://www.amazon.com/dp/B078SLM45M?tag=eloabder-20&linkCode=osi&th=1&psc=1"><img src="https://m.media-amazon.com/images/I/41cyg8ILTTL._SL500_.jpg" alt="Product Image"></a><p>TUG 360° Tangle-Free Retractable Dog Leash | 16 ft Strong Nylon Tape | One-Handed Brake, Pause, Lock (Large, White)</p><p> -14% 0FF </p><p>$21.99</p><a href="https://www.amazon.com/dp/B078SLM45M?tag=eloabder-20&linkCode=osi&th=1&psc=1">View Product</a></div>
<div class="product"><a href="https://www.amazon.com/dp/B0DGL4H82X?tag=eloabder-20&linkCode=osi&th=1&psc=1"><img src="https://m.media-amazon.com/images/I/51pDCCmAQNL._SL500_.jpg" alt="Product Image"></a><p>Halypet Cat Harness and Leash Set [MAX Safety 4th-Gen Upgrade] Escape Proof Adjustable Cat Leash Comfortable Soft Vest Easy to Wear Kitten Harness with Reflective Strip for Cats Walking, M Black</p><p> -28% 0FF </p><p>$10.79</p><a href="https://www.amazon.com/dp/B0DGL4H82X?tag=eloabder-20&linkCode=osi&th=1&psc=1">View Product</a></div><div class="product"><a href="https://www.amazon.com/dp/B000OGRDK0?tag=eloabder-20&linkCode=osi&th=1&psc=1"><img src="https://m.media-amazon.com/images/I/31tfSFnHwmL._SL500_.jpg" alt="Product Image"></a><p>PetSafe Nylon Leash - Chew-Resistant Cat & Dog Behavioral Training Leash - Compatible with Easy-Walk Harness - Traditional-Style Reliable Pet Lead with a Padded Hand Wrap - 3/8" x 6' - Black</p><p> -15% 0FF </p><p>$4.24</p><a href="https://www.amazon.com/dp/B000OGRDK0?tag=eloabder-20&linkCode=osi&th=1&psc=1">View Product</a></div><div class="product"><a href="https://www.amazon.com/dp/B0DGL21M78?tag=eloabder-20&linkCode=osi&th=1&psc=1"><img src="https://m.media-amazon.com/images/I/51pDCCmAQNL._SL500_.jpg" alt="Product Image"></a><p>Halypet Cat Harness and Leash Set - MAX Safety 4th-Gen Upgrade, Escape Proof, Adjustable, Comfortable Soft Vest, Easy to Wear Kitten Harness with Reflective Strip for Cats Walking - Small Black</p><p> -25% 0FF </p><p>$11.24</p><a href="https://www.amazon.com/dp/B0DGL21M78?tag=eloabder-20&linkCode=osi&th=1&psc=1">View Product</a></div>
<div class="product"><a href="https://www.amazon.com/dp/B08CCG96FR?tag=eloabder-20&linkCode=osi&th=1&psc=1"><img src="https://m.media-amazon.com/images/I/519rYYNcfDL._SL500_.jpg" alt="Product Image"></a><p>Best Pet Supplies Voyager Step-in Air Harness - All Weather Mesh, Reflective, No Pull Harness for Dogs, Cats - Secure with Hook & Loop Fastener, Buckle, Double D-Rings - Fuchsia, S</p><p> -39% 0FF </p><p>$9.07</p><a href="https://www.amazon.com/dp/B08CCG96FR?tag=eloabder-20&linkCode=osi&th=1&psc=1">View Product</a></div><div class="product"><a href="https://www.amazon.com/dp/B0F134YP3R?tag=eloabder-20&linkCode=osi&th=1&psc=1"><img src="https://m.media-amazon.com/images/I/41WVEg4wn7L._SL500_.jpg" alt="Product Image"></a><p>Bruvoalon Heavy-Duty Tactical Dog Harness for Large Dogs, No Pull Adjustable Reflective K9 Vest with Molle System, 12 Colors & 4 Sizes, Military-Grade Control for Training, Outdoor & 10+ Breeds</p><p> -24% 0FF </p><p>$15.19</p><a href="https://www.amazon.com/dp/B0F134YP3R?tag=eloabder-20&linkCode=osi&th=1&psc=1">View Product</a></div><div class="product"><a href="https://www.amazon.com/dp/B0DGXJWK9J?tag=eloabder-20&linkCode=osi&th=1&psc=1"><img src="https://m.media-amazon.com/images/I/51mncolU3aL._SL500_.jpg" alt="Product Image"></a><p>SlowTon No Pull Dog Harness - Heavy Duty Dog Harness and Leash Set for Medium Large Dogs, Reflective Tactical Harness with Soft Padded and Front Clip for Easy Walk and Training (Black L)</p><p> -13% 0FF </p><p>$19.99</p><a href="https://www.amazon.com/dp/B0DGXJWK9J?tag=eloabder-20&linkCode=osi&th=1&psc=1">View Product</a></div><div class="product"><a href="https://www.amazon.com/dp/B0DRJYND78?tag=eloabder-20&linkCode=osi&th=1&psc=1"><img src="https://m.media-amazon.com/images/I/41NZVoj8wjL._SL500_.jpg" alt="Product Image"></a><p>Wisedog Reflective No Pull Dog Harness - Adjustable Lightweight Pet Vest with 3 Fast-Release Buckles for Dogs Walking, Running and Training(M, Orange)</p><p> -50% 0FF </p><p>$5.59</p><a href="https://www.amazon.com/dp/B0DRJYND78?tag=eloabder-20&linkCode=osi&th=1&psc=1">View Product</a></div><div class="product"><a href="https://www.amazon.com/dp/B0FFV1QZVJ?tag=eloabder-20&linkCode=osi&th=1&psc=1"><img src="https://m.media-amazon.com/images/I/41BPzHU2wsL._SL500_.jpg" alt="Product Image"></a><p>PWOD No Pull Dog Harness with 2 Leash Clips, Reflective Adjustable Soft Padded Vest with Handle, Breathable Oxford No Choke Pet Vest for Large Dogs, Black,L</p><p> -30% 0FF </p><p>$13.99</p><a href="https://www.amazon.com/dp/B0FFV1QZVJ?tag=eloabder-20&linkCode=osi&th=1&psc=1">View Product</a></div><div class="product"><a href="https://www.amazon.com/dp/B0792XS9B1?tag=eloabder-20&linkCode=osi&th=1&psc=1"><img src="https://m.media-amazon.com/images/I/510eqOLi1TL._SL500_.jpg" alt="Product Image"></a><p>PoyPet No Pull Dog Harness, No Choke Front Lead Dog Reflective Harness, Adjustable Soft Padded Pet Vest with Easy Control Handle for Small to Large Dogs(Pink, Medium)</p><p> -11% 0FF </p><p>$11.99 ($11.99 / count)</p><a href="https://www.amazon.com/dp/B0792XS9B1?tag=eloabder-20&linkCode=osi&th=1&psc=1">View Product</a></div>
<div class="product"><a href="https://www.amazon.com/dp/B08CCGRW5D?tag=eloabder-20&linkCode=osi&th=1&psc=1"><img src="https://m.media-amazon.com/images/I/519rYYNcfDL._SL500_.jpg" alt="Product Image"></a><p>Best Pet Supplies Voyager Step-in Air Harness - All Weather Mesh, Reflective, No Pull Harness for Dogs, Cats - Secure with Hook & Loop Fastener, Buckle, Double D-Rings - Fuchsia, M</p><p> -13% 0FF </p><p>$12.99</p><a href="https://www.amazon.com/dp/B08CCGRW5D?tag=eloabder-20&linkCode=osi&th=1&psc=1">View Product</a></div>
<div class="product"><a href="https://www.amazon.com/dp/B005CUTWDE?tag=eloabder-20&linkCode=osi&th=1&psc=1"><img src="https://m.media-amazon.com/images/I/41j4IEfx6wL._SL500_.jpg" alt="Product Image"></a><p>Wahl USA Dry Skin & Itch Relief Pet Shampoo for Dogs – Oatmeal Formula with Coconut Lime Verbena Scent & Pet Friendly Formula, 24 Oz - Model 820004A</p><p> -10% 0FF </p><p>$8.97</p><a href="https://www.amazon.com/dp/B005CUTWDE?tag=eloabder-20&linkCode=osi&th=1&psc=1">View Product</a></div><div class="product"><a href="https://www.amazon.com/dp/B0791LY9MW?tag=eloabder-20&linkCode=osi&th=1&psc=1"><img src="https://m.media-amazon.com/images/I/510j7m4z+0L._SL500_.jpg" alt="Product Image"></a><p>PAWFUME Deshedding Dog Shampoo and Conditioner, Show Dog, 1-Pack – Nourish & Detangle for Silky Soft Coat – Probiotic, Deep-Cleaning, pH-Balanced Formula – Salon-Quality Shampoo for Dogs</p><p> -13% 0FF </p><p>$13.99 ($1.17 / fluid ounce)</p><a href="https://www.amazon.com/dp/B0791LY9MW?tag=eloabder-20&linkCode=osi&th=1&psc=1">View Product</a></div><div class="product"><a href="https://www.amazon.com/dp/B079T3KSYL?tag=eloabder-20&linkCode=osi&th=1&psc=1"><img src="https://m.media-amazon.com/images/I/411+lEo81xL._SL500_.jpg" alt="Product Image"></a><p>Wahl USA 4-in-1 Calming Pet Shampoo for Dogs with a Lavender Chamomile Scent – Cleans, Conditions, Detangles, & Moisturizes - Pet Friendly Formula – 64 Oz - Model 821000-050</p><p> -10% 0FF </p><p>$21.53 ($0.34 / fluid ounce)</p><a href="https://www.amazon.com/dp/B079T3KSYL?tag=eloabder-20&linkCode=osi&th=1&psc=1">View Product</a></div><div class="product"><a href="https://www.amazon.com/dp/B079T44C3J?tag=eloabder-20&linkCode=osi&th=1&psc=1"><img src="https://m.media-amazon.com/images/I/41aKOigtAPL._SL500_.jpg" alt="Product Image"></a><p>Wahl USA Dry Skin & Itch Relief Pet Shampoo for Dogs – Oatmeal Formula with Coconut Lime Verbena Scent - 64 Oz - Model 821004-050</p><p> -18% 0FF </p><p>$16.48</p><a href="https://www.amazon.com/dp/B079T44C3J?tag=eloabder-20&linkCode=osi&th=1&psc=1">View Product</a></div><div class="product"><a href="https://www.amazon.com/dp/B0DF3W6L1Y?tag=eloabder-20&linkCode=osi&th=1&psc=1"><img src="https://m.media-amazon.com/images/I/314vZFKBT5L._SL500_.jpg" alt="Product Image"></a><p>MRS. MEYER'S Clean Day 3 in 1 Dog Shampoo, Sweet Chamomile Scent, 14oz</p><p> -25% 0FF </p><p>$13.54 ($0.97 / fluid ounce)</p><a href="https://www.amazon.com/dp/B0DF3W6L1Y?tag=eloabder-20&linkCode=osi&th=1&psc=1">View Product</a></div><div class="product"><a href="https://www.amazon.com/dp/B0DF3S2ZFQ?tag=eloabder-20&linkCode=osi&th=1&psc=1"><img src="https://m.media-amazon.com/images/I/31a6kZ5IHLL._SL500_.jpg" alt="Product Image"></a><p>MRS. MEYER'S Clean Day 3 in 1 Dog Shampoo, White Peach Scent, 14oz</p><p> -36% 0FF </p><p>$11.59 ($0.83 / fluid ounce)</p><a href="https://www.amazon.com/dp/B0DF3S2ZFQ?tag=eloabder-20&linkCode=osi&th=1&psc=1">View Product</a></div>
<div class="product"><a href="https://www.amazon.com/dp/B0002J1FOE?tag=eloabder-20&linkCode=osi&th=1&psc=1"><img src="https://m.media-amazon.com/images/I/41MQpL7i06L._SL500_.jpg" alt="Product Image"></a><p>FRONTLINE Plus Flea and Tick Treatment for Large Dogs Up to 45 to 88 lbs. 3 Treatments</p><p> -22% 0FF </p><p>$34.98 ($11.66 / count)</p><a href="https://www.amazon.com/dp/B0002J1FOE?tag=eloabder-20&linkCode=osi&th=1&psc=1">View Product</a></div><div class="product"><a href="https://www.amazon.com/dp/B0002J1F76?tag=eloabder-20&linkCode=osi&th=1&psc=1"><img src="https://m.media-amazon.com/images/I/41dCAf46o0L._SL500_.jpg" alt="Product Image"></a><p>FRONTLINE Plus Flea and Tick Treatment for Cats Over 1.5 lbs. 3 Treatments</p><p> -11% 0FF </p><p>$39.98 ($783.92 / fluid ounce)</p><a href="https://www.amazon.com/dp/B0002J1F76?tag=eloabder-20&linkCode=osi&th=1&psc=1">View Product</a></div><div class="product"><a href="https://www.amazon.com/dp/B0F2HPNQ1W?tag=eloabder-20&linkCode=osi&th=1&psc=1"><img src="https://m.media-amazon.com/images/I/51DP4EE9hiL._SL500_.jpg" alt="Product Image"></a><p>Chewable Flea and Tick Prevention for Dogs - 120 Soft Chews Made in USA - Oral Flea and Tick Control Pills for Small, Medium, Large Dogs and Puppies - Skin and Coat Supplement Treats for All Breeds</p><p> -29% 0FF </p><p>$19.99 ($0.17 / count)</p><a href="https://www.amazon.com/dp/B0F2HPNQ1W?tag=eloabder-20&linkCode=osi&th=1&psc=1">View Product</a></div><div class="product"><a href="https://www.amazon.com/dp/B0002J1FN0?tag=eloabder-20&linkCode=osi&th=1&psc=1"><img src="https://m.media-amazon.com/images/I/41Ife-kF7uL._SL500_.jpg" alt="Product Image"></a><p>FRONTLINE Plus Flea and Tick Treatment for Medium Dogs Up to 23 to 44 lbs. 3 Treatments</p><p> -11% 0FF </p><p>$39.98 ($13.33 / count)</p><a href="https://www.amazon.com/dp/B0002J1FN0?tag=eloabder-20&linkCode=osi&th=1&psc=1">View Product</a></div><div class="product"><a href="https://www.amazon.com/dp/B00WWP1MIK?tag=eloabder-20&linkCode=osi&th=1&psc=1"><img src="https://m.media-amazon.com/images/I/513P0basXRL._SL500_.jpg" alt="Product Image"></a><p>PetArmor Plus Flea and Tick Prevention for Dogs, Large Dog Flea and Tick Treatment, 3 Doses, Waterproof Topical, Fast Acting (45-88 lbs)</p><p> -37% 0FF </p><p>$18.30 ($6.10 / count)</p><a href="https://www.amazon.com/dp/B00WWP1MIK?tag=eloabder-20&linkCode=osi&th=1&psc=1">View Product</a></div>
<div class="product"><a href="https://www.amazon.com/dp/B0009X29WK?tag=eloabder-20&linkCode=osi&th=1&psc=1"><img src="https://m.media-amazon.com/images/I/51aLRVazcoL._SL500_.jpg" alt="Product Image"></a><p>Dr. Elsey's Ultra UnScented Clumping Clay Cat Litter 40 lb. Bag</p><p> -13% 0FF </p><p>$20.99 ($0.03 / fluid ounce)</p><a href="https://www.amazon.com/dp/B0009X29WK?tag=eloabder-20&linkCode=osi&th=1&psc=1">View Product</a></div><div class="product"><a href="https://www.amazon.com/dp/B089LLHMQL?tag=eloabder-20&linkCode=osi&th=1&psc=1"><img src="https://m.media-amazon.com/images/I/51WhnzWdn4L._SL500_.jpg" alt="Product Image"></a><p>ARM & HAMMER Clump & Seal SLIDE Platinum Multi-Cat Clumping Cat Litter, 14-Day Odor Control, EZ Clean Technology, 18 lbs – No Scrubbing, Powerful Odor Eliminator</p><p> -5% 0FF </p><p>$17.99 ($0.06 / fluid ounce)</p><a href="https://www.amazon.com/dp/B089LLHMQL?tag=eloabder-20&linkCode=osi&th=1&psc=1">View Product</a></div><div class="product"><a href="https://www.amazon.com/dp/B0D1LK2G5C?tag=eloabder-20&linkCode=osi&th=1&psc=1"><img src="https://m.media-amazon.com/images/I/41AT3luVpaL._SL500_.jpg" alt="Product Image"></a><p>Cat's Pride New Antibacterial Cat Litter: Destroys 99.9% of Odor-Causing Bacteria - Powerful Odor Control - Premium Lightweight Clumping Litter - Scented, 12 Pounds</p><p> -5% 0FF </p><p>$9.48 ($0.79 / pound)</p><a href="https://www.amazon.com/dp/B0D1LK2G5C?tag=eloabder-20&linkCode=osi&th=1&psc=1">View Product</a></div><div class="product"><a href="https://www.amazon.com/dp/B0DJDNXZYF?tag=eloabder-20&linkCode=osi&th=1&psc=1"><img src="https://m.media-amazon.com/images/I/51GV-bHkChL._SL500_.jpg" alt="Product Image"></a><p>Fresh Step Clumping Cat Litter, Heavy Duty Advanced, Long Lasting 30-Day Odor Control with Odor Eliminating Carbon, 17.5 lb</p><p> -8% 0FF </p><p>$16.80 ($0.96 / pound)</p><a href="https://www.amazon.com/dp/B0DJDNXZYF?tag=eloabder-20&linkCode=osi&th=1&psc=1">View Product</a></div>
<div class="product"><a href="https://www.amazon.com/dp/B0DCNNN5FC?tag=eloabder-20&linkCode=osi&th=1&psc=1"><img src="https://m.media-amazon.com/images/I/51LR5ZHaD4L._SL500_.jpg" alt="Product Image"></a><p>Frienhund Automatic Cat Feeder with 2K Camera: 5G WiFi Automatic Dog Feeder with Night Vision,Cat Food Dispenser with 7L Large Food Storage Container for Multiple Pet,Detachable for Easy Clean -29 Cup</p><p> -17% 0FF </p><p>$57.99</p><a href="https://www.amazon.com/dp/B0DCNNN5FC?tag=eloabder-20&linkCode=osi&th=1&psc=1">View Product</a></div><div class="product"><a href="https://www.amazon.com/dp/B09LD2CD1L?tag=eloabder-20&linkCode=osi&th=1&psc=1"><img src="https://m.media-amazon.com/images/I/31FCol5w8TL._SL500_.jpg" alt="Product Image"></a><p>VOLUAS Automatic Cat Feeders - Timed Pet Feeder for Cats and Dogs with Dry Food Dispenser, Desiccant Bag, Programmable Portion Control, 4 Daily Meals, 10s Voice Recorder</p><p> -27% 0FF </p><p>$39.98</p><a href="https://www.amazon.com/dp/B09LD2CD1L?tag=eloabder-20&linkCode=osi&th=1&psc=1">View Product</a></div><div class="product"><a href="https://www.amazon.com/dp/B0DT47H4JJ?tag=eloabder-20&linkCode=osi&th=1&psc=1"><img src="https://m.media-amazon.com/images/I/41sK3MB5zTL._SL500_.jpg" alt="Product Image"></a><p>Frienhund Automatic Cat Feeder 2 Cats with Slow Feed: Dual Automatic Dog Feeder with 5G WiFi, Cat Food Dispenser with APP Control for Multiple Pets, Detachable for Easy Clean, Double Pet Bowl - 29 Cup</p><p> -19% 0FF </p><p>$56.98</p><a href="https://www.amazon.com/dp/B0DT47H4JJ?tag=eloabder-20&linkCode=osi&th=1&psc=1">View Product</a></div><div class="product"><a href="https://www.amazon.com/dp/B0F9WLTTLC?tag=eloabder-20&linkCode=osi&th=1&psc=1"><img src="https://m.media-amazon.com/images/I/41oqhTdVBgL._SL500_.jpg" alt="Product Image"></a><p>HoneyGuaridan Automatic Cat Feeder for Two Cats, 5G WiFi Smart Feed Pet Feeder with Stainless Steel Bowl,APP Control Dispenser, Dual Power Supply,Desiccant Bag,10s Meal Call Black</p><p> -20% 0FF </p><p>$55.99</p><a href="https://www.amazon.com/dp/B0F9WLTTLC?tag=eloabder-20&linkCode=osi&th=1&psc=1">View Product</a></div><div class="product"><a href="https://www.amazon.com/dp/B09S8WMJY9?tag=eloabder-20&linkCode=osi&th=1&psc=1"><img src="https://m.media-amazon.com/images/I/41BhIBNEoGL._SL500_.jpg" alt="Product Image"></a><p>PETLIBRO Automatic Cat Feeder, 5G WiFi Automatic Dog Food Dispenser with Freshness Preservation, 5L Timed Pet Feeder with Low Food Sensor, Up to 10 Meals Per Day, Granary Black</p><p> -10% 0FF </p><p>$89.99</p><a href="https://www.amazon.com/dp/B09S8WMJY9?tag=eloabder-20&linkCode=osi&th=1&psc=1">View Product</a></div><div class="product"><a href="https://www.amazon.com/dp/B0DQLJJ5XT?tag=eloabder-20&linkCode=osi&th=1&psc=1"><img src="https://m.media-amazon.com/images/I/31AWcXWoThL._SL500_.jpg" alt="Product Image"></a><p>Dual Automatic Cat Feeder 2 Cats,6 Meals/Day,12 Portions/Meal,4.2L Dual Power Double Bowls Feeder,Dry Food Auto Pet Dispenser,10S Voice Record,Flexible Schedule Timer (Black,Stainless Dual Bowls)</p><p> -40% 0FF </p><p>$29.99</p><a href="https://www.amazon.com/dp/B0DQLJJ5XT?tag=eloabder-20&linkCode=osi&th=1&psc=1">View Product</a></div>

<div class="product"><a href="https://www.amazon.com/dp/B07CYW78JY?tag=eloabder-20&linkCode=osi&th=1&psc=1"><img src="https://m.media-amazon.com/images/I/31PZUfPmUVL._SL500_.jpg" alt="Product Image"></a><p>California Costumes, King of The Jungle - Lion, Dog Costume Large</p><p> -39% 0FF </p><p>$15.27</p><a href="https://www.amazon.com/dp/B07CYW78JY?tag=eloabder-20&linkCode=osi&th=1&psc=1">View Product</a></div>
<div class="product"><a href="https://www.amazon.com/dp/B0DGL9BSWS?tag=eloabder-20&linkCode=osi&th=1&psc=1"><img src="https://m.media-amazon.com/images/I/51IZBwrejKL._SL500_.jpg" alt="Product Image"></a><p>Halypet Cat Harness and Leash Set [MAX Safety 4th-Gen Upgrade] Escape Proof Adjustable Cat Leash Comfortable Soft Vest Easy to Wear Kitten Harness with Reflective Strip for Cats Walking, XS Green</p><p> -20% 0FF </p><p>$13.59</p><a href="https://www.amazon.com/dp/B0DGL9BSWS?tag=eloabder-20&linkCode=osi&th=1&psc=1">View Product</a></div><div class="product"><a href="https://www.amazon.com/dp/B0F1TCFL1Q?tag=eloabder-20&linkCode=osi&th=1&psc=1"><img src="https://m.media-amazon.com/images/I/411MNyyz+3L._SL500_.jpg" alt="Product Image"></a><p>rabbitgoo Small Dog Harness, Step-in Soft Mesh Puppy Vest, Easy Walk with Safety Buckle, Breathable Reflective Pet Harness for Small Sized Dogs</p><p> -8% 0FF </p><p>$30.38</p><a href="https://www.amazon.com/dp/B0F1TCFL1Q?tag=eloabder-20&linkCode=osi&th=1&psc=1">View Product</a></div><div class="product"><a href="https://www.amazon.com/dp/B0F2LZ4Y9T?tag=eloabder-20&linkCode=osi&th=1&psc=1"><img src="https://m.media-amazon.com/images/I/413rLsz8xML._SL500_.jpg" alt="Product Image"></a><p>rabbitgoo Small Dog Harness, Step-in Soft Mesh Puppy Vest, Easy Walk with Safety Buckle, Breathable Reflective Pet Harness for Small Sized Dogs</p><p> -8% 0FF </p><p>$30.38</p><a href="https://www.amazon.com/dp/B0F2LZ4Y9T?tag=eloabder-20&linkCode=osi&th=1&psc=1">View Product</a></div>
<div class="product"><a href="https://www.amazon.com/dp/B0FG7XVF8Z?tag=eloabder-20&linkCode=osi&th=1&psc=1"><img src="https://m.media-amazon.com/images/I/41gaO1jHclL._SL500_.jpg" alt="Product Image"></a><p>Dog Tracker-GPS Dog Collar-GPS Tracker for Dogs-Pet Tracker for Dogs | Android and iOS Universal | No Monthly Fee | Waterproof | Works with Any Collar</p><p> -33% 0FF </p><p>$19.99</p><a href="https://www.amazon.com/dp/B0FG7XVF8Z?tag=eloabder-20&linkCode=osi&th=1&psc=1">View Product</a></div><div class="product"><a href="https://www.amazon.com/dp/B0FHHYX4G5?tag=eloabder-20&linkCode=osi&th=1&psc=1"><img src="https://m.media-amazon.com/images/I/41UoHeHXd9L._SL500_.jpg" alt="Product Image"></a><p>New Fi Series 3+ Smart Dog Collar - GPS Dog Tracker and Activity & New Fitness Monitor, Waterproof, LED Light, Escape Alerts, Nationwide Coverage [Free 6 Month Membership] (Pink, Medium)</p><p> -17% 0FF </p><p>$99.00</p><a href="https://www.amazon.com/dp/B0FHHYX4G5?tag=eloabder-20&linkCode=osi&th=1&psc=1">View Product</a></div>
<div class="product"><a href="https://www.amazon.com/dp/B0FJLF7L44?tag=eloabder-20&linkCode=osi&th=1&psc=1"><img src="https://m.media-amazon.com/images/I/41JOzyGDA3L._SL500_.jpg" alt="Product Image"></a><p>INVENHO Heated Cat Beds for Indoor Cats and Small Dogs, 20" Cozy Donut Heated Pet Bed with Timer & Temp Adjustable, Removable Waterproof Electric Warming Bed for Indoor Cat</p><p> -33% 0FF </p><p>$39.98</p><a href="https://www.amazon.com/dp/B0FJLF7L44?tag=eloabder-20&linkCode=osi&th=1&psc=1">View Product</a></div><div class="product"><a href="https://www.amazon.com/dp/B0FG7R1MF1?tag=eloabder-20&linkCode=osi&th=1&psc=1"><img src="https://m.media-amazon.com/images/I/414NBIuEnUL._SL500_.jpg" alt="Product Image"></a><p>Large Pet Heating Pad, Waterproof Heated Dog Cat Bed with 11 Adjustable Temperatures & 24H Timer, Auto Shut-Off, Chew-Resistant Cord, Washable Cover, Indoor Electric Heating Mat, Grey, L(35" x 24")</p><p> -33% 0FF </p><p>$39.98</p><a href="https://www.amazon.com/dp/B0FG7R1MF1?tag=eloabder-20&linkCode=osi&th=1&psc=1">View Product</a></div><div class="product"><a href="https://www.amazon.com/dp/B0FJ297BWH?tag=eloabder-20&linkCode=osi&th=1&psc=1"><img src="https://m.media-amazon.com/images/I/416TrAZ1CcL._SL500_.jpg" alt="Product Image"></a><p>Toove Heated Cat Bed Indoor - 20" Heating Donut Pet Bed for Cats and Small Dogs, Ultra Soft & Cozy Sleeping Cat Beds, Machine Washable, Waterproof & Safe Warming with Timer and Temperature Control</p><p> -40% 0FF </p><p>$35.98</p><a href="https://www.amazon.com/dp/B0FJ297BWH?tag=eloabder-20&linkCode=osi&th=1&psc=1">View Product</a></div><div class="product"><a href="https://www.amazon.com/dp/B07PH45YCD?tag=eloabder-20&linkCode=osi&th=1&psc=1"><img src="https://m.media-amazon.com/images/I/31PZB9TikkL._SL500_.jpg" alt="Product Image"></a><p>K&H Pet Products Lectro-Soft Orthopedic Outdoor Heated Dog and Cat Bed for Medium Dogs or Big Cats, Soft/Flexible Safety Listed Warming Pad, Waterproof, Washable Cover - Medium 24 X 19in Tan 40W</p><p> -5% 0FF </p><p>$75.62</p><a href="https://www.amazon.com/dp/B07PH45YCD?tag=eloabder-20&linkCode=osi&th=1&psc=1">View Product</a></div><div class="product"><a href="https://www.amazon.com/dp/B0B683451C?tag=eloabder-20&linkCode=osi&th=1&psc=1"><img src="https://m.media-amazon.com/images/I/41t4oZVH4FL._SL500_.jpg" alt="Product Image"></a><p>INVENHO Heated Cat Bed, Waterproof Adjustable Temperature Dog Cat Heating Pad with Timer, Indoor Pet Heating Pad for Cats Dogs Electric Pads for Dogs Cats, Pet Heated Pad (S: 18" x 16")</p><p> -30% 0FF </p><p>$27.98</p><a href="https://www.amazon.com/dp/B0B683451C?tag=eloabder-20&linkCode=osi&th=1&psc=1">View Product</a></div>
<div class="product"><a href="https://www.amazon.com/dp/B0C85D9LT3?tag=eloabder-20&linkCode=osi&th=1&psc=1"><img src="https://m.media-amazon.com/images/I/418DOElHohL._SL500_.jpg" alt="Product Image"></a><p>MoNiBloom Foldable Pet Stroller with Weather Cover, 3 Wheels Pet Strolling Cart for Small/Medium Dogs and Cats with Storage Basket and Cup Holder, Breathable and Visible Mesh for All-Season, Black</p><p> -34% 0FF </p><p>$46.54</p><a href="https://www.amazon.com/dp/B0C85D9LT3?tag=eloabder-20&linkCode=osi&th=1&psc=1">View Product</a></div><div class="product"><a href="https://www.amazon.com/dp/B0C85D7H92?tag=eloabder-20&linkCode=osi&th=1&psc=1"><img src="https://m.media-amazon.com/images/I/41wgVSYG8ML._SL500_.jpg" alt="Product Image"></a><p>MoNiBloom 3 Wheels Pet Stroller, Foldable Dog Cat Cage Jogger Stroller with Weather Cover for All-Season, Storage Basket and Cup Holder, Breathable and Visible Mesh for Small/Medium Pets, Blue</p><p> -23% 0FF </p><p>$53.99</p><a href="https://www.amazon.com/dp/B0C85D7H92?tag=eloabder-20&linkCode=osi&th=1&psc=1">View Product</a></div><div class="product"><a href="https://www.amazon.com/dp/B00SGMIKF6?tag=eloabder-20&linkCode=osi&th=1&psc=1"><img src="https://m.media-amazon.com/images/I/41lNHFLM4lL._SL500_.jpg" alt="Product Image"></a><p>BestPet | 3-Wheel Pet Stroller | Dog and Cat Stroller | Breathable Mesh | Lightweight Travel Carrier | Waterproof & Foldable Design | Storage Basket | Black | for Daily Walks & Outdoor Use</p><p> -25% 0FF </p><p>$44.99</p><a href="https://www.amazon.com/dp/B00SGMIKF6?tag=eloabder-20&linkCode=osi&th=1&psc=1">View Product</a></div><div class="product"><a href="https://www.amazon.com/dp/B0DBPS43RH?tag=eloabder-20&linkCode=osi&th=1&psc=1"><img src="https://m.media-amazon.com/images/I/41617xgqkgL._SL500_.jpg" alt="Product Image"></a><p>MoNiBloom 3 Wheels Pet Dog Cat Stroller for Small Medium Dogs and Cats, Lightweight Foldable Jogger Stroller w/Storage Basket and Cup Holder, Gray</p><p> -22% 0FF </p><p>$56.98</p><a href="https://www.amazon.com/dp/B0DBPS43RH?tag=eloabder-20&linkCode=osi&th=1&psc=1">View Product</a></div>
<div class="product"><a href="https://www.amazon.com/dp/B0F83V87M6?tag=eloabder-20&linkCode=osi&th=1&psc=1"><img src="https://m.media-amazon.com/images/I/515z4HsNRrL._SL500_.jpg" alt="Product Image"></a><p>HBTower 63" Long & 17.3" Wide Folding Dog Ramp for Car, SUV & Truck – Portable Pet Ramp with Non-Slip Surface, Extra Wide Steps for Large Dogs Up to 250LBS</p><p> -20% 0FF </p><p>$67.99</p><a href="https://www.amazon.com/dp/B0F83V87M6?tag=eloabder-20&linkCode=osi&th=1&psc=1">View Product</a></div><div class="product"><a href="https://www.amazon.com/dp/B0DJLKLX6B?tag=eloabder-20&linkCode=osi&th=1&psc=1"><img src="https://m.media-amazon.com/images/I/518SIf-V0EL._SL500_.jpg" alt="Product Image"></a><p>Dog Ramp for Car 𝟕𝟏”𝐱𝟐𝟎” Large Folding Pet Stair Ramps for Truck, SUV, with Non-Slip Surface, Up to 250LBS, Outdoor Dog Car Ramp for Medium & Large Dogs, Portable Pet Steps</p><p> -5% 0FF </p><p>$123.99</p><a href="https://www.amazon.com/dp/B0DJLKLX6B?tag=eloabder-20&linkCode=osi&th=1&psc=1">View Product</a></div><div class="product"><a href="https://www.amazon.com/dp/B0016HPTFW?tag=eloabder-20&linkCode=osi&th=1&psc=1"><img src="https://m.media-amazon.com/images/I/311yqmsWpbL._SL500_.jpg" alt="Product Image"></a><p>PetSafe Happy Ride Compact Telescoping Dog Ramp - Portable Pet Ramp for Cars, Trucks & SUVs with Adjustable Sizing - Non-Slip Design - Lightweight Pet Mobility Assistance - Extra Long</p><p> -15% 0FF </p><p>$169.95</p><a href="https://www.amazon.com/dp/B0016HPTFW?tag=eloabder-20&linkCode=osi&th=1&psc=1">View Product</a></div><div class="product"><a href="https://www.amazon.com/dp/B0F13FY1S9?tag=eloabder-20&linkCode=osi&th=1&psc=1"><img src="https://m.media-amazon.com/images/I/51ZMQIHvq8L._SL500_.jpg" alt="Product Image"></a><p>Dog Ramps for Stairs, Wooden Pet Ramp Stairs for Small Medium Dogs, Non-Slip Dog Pet Steps for Any Staircase, Stair Ramp for Injured Dogs with Anti-Slip Strip, 4 Pack</p><p> -14% 0FF </p><p>$75.99</p><a href="https://www.amazon.com/dp/B0F13FY1S9?tag=eloabder-20&linkCode=osi&th=1&psc=1">View Product</a></div>
<div class="product"><a href="https://www.amazon.com/dp/B0CKQV4R3C?tag=eloabder-20&linkCode=osi&th=1&psc=1"><img src="https://m.media-amazon.com/images/I/51NBxEiCdfL._SL500_.jpg" alt="Product Image"></a><p>rabbitgoo Dog Car Barrier for SUVs, Adjustable Large Pet Gate, Universal-Fit Divider Cargo Net, Heavy-Duty Wire Mesh Dog Barrier SUV, Van Vehicles Subaru Car Accessories Safety Travel, Triple Folding</p><p> -11% 0FF </p><p>$39.98 ($39.98 / count)</p><a href="https://www.amazon.com/dp/B0CKQV4R3C?tag=eloabder-20&linkCode=osi&th=1&psc=1">View Product</a></div><div class="product"><a href="https://www.amazon.com/dp/B00JZHRYFI?tag=eloabder-20&linkCode=osi&th=1&psc=1"><img src="https://m.media-amazon.com/images/I/31-rkLAhGAL._SL500_.jpg" alt="Product Image"></a><p>PetSafe Happy Ride Metal Dog Barrier, Pet Gate Vehicle Divider for Cars, Minivans & SUVs</p><p> -13% 0FF </p><p>$64.95</p><a href="https://www.amazon.com/dp/B00JZHRYFI?tag=eloabder-20&linkCode=osi&th=1&psc=1">View Product</a></div><div class="product"><a href="https://www.amazon.com/dp/B0FCX28XQC?tag=eloabder-20&linkCode=osi&th=1&psc=1"><img src="https://m.media-amazon.com/images/I/41HCaZSvBmL._SL500_.jpg" alt="Product Image"></a><p>FLYSPEAR Wireless Pet Barrier - Rechargeable Indoor Barrier with 6 Adjustable Range Radius up to 7 ft, 6 Adjustable Safe Static Intensity, Electric Fence System for Dogs with Hook</p><p> -10% 0FF </p><p>$89.99</p><a href="https://www.amazon.com/dp/B0FCX28XQC?tag=eloabder-20&linkCode=osi&th=1&psc=1">View Product</a></div>
<div class="product"><a href="https://www.amazon.com/dp/B07HBD23SC?tag=eloabder-20&linkCode=osi&th=1&psc=1"><img src="https://m.media-amazon.com/images/I/41y3lyf0XnL._SL500_.jpg" alt="Product Image"></a><p>RADIUS USDA Organic Canine Pet Toothpaste 1 Unit, 3 oz, Non Toxic Toothpaste for Dogs, Designed to Clean Teeth and Help Prevent Tartar and Remove Plaque, Xylitol Free</p><p> -28% 0FF </p><p>$9.38</p><a href="https://www.amazon.com/dp/B07HBD23SC?tag=eloabder-20&linkCode=osi&th=1&psc=1">View Product</a></div><div class="product"><a href="https://www.amazon.com/dp/B01KD8725Y?tag=eloabder-20&linkCode=osi&th=1&psc=1"><img src="https://m.media-amazon.com/images/I/41NCTQGSk9L._SL500_.jpg" alt="Product Image"></a><p>Arm & Hammer for Pets Clinical Care Dental Enzymatic Toothpaste for Dogs Soothes Inflamed Gums Safe for Puppies 1 Pack Fresh Breath Vanilla Ginger (Pack of 1)</p><p> -9% 0FF </p><p>$8.18 ($3.27 / ounce)</p><a href="https://www.amazon.com/dp/B01KD8725Y?tag=eloabder-20&linkCode=osi&th=1&psc=1">View Product</a></div>
<div class="product"><a href="https://www.amazon.com/dp/B0CZLXQN4W?tag=eloabder-20&linkCode=osi&th=1&psc=1"><img src="https://m.media-amazon.com/images/I/41Lp+KVgbYL._SL500_.jpg" alt="Product Image"></a><p>IRIS USA Airtight Dog Food Storage Container, Up to 10 lbs Each, 2 Pack, for Dog Cat Bird and Other Pet Food Storage Bin, Keep Fresh, Translucent Body, BPA Free, Clear/Black</p><p> -24% 0FF </p><p>$19.99 ($10.00 / count)</p><a href="https://www.amazon.com/dp/B0CZLXQN4W?tag=eloabder-20&linkCode=osi&th=1&psc=1">View Product</a></div><div class="product"><a href="https://www.amazon.com/dp/B007RBB662?tag=eloabder-20&linkCode=osi&th=1&psc=1"><img src="https://m.media-amazon.com/images/I/41eMzI5i44L._SL500_.jpg" alt="Product Image"></a><p>IRIS USA Airtight Dog Food Storage Container, WeatherPro, Up to 10 lbs, Removable Wheels, for Dog Cat Bird and Other Pet Food Storage Bin, Keep Fresh, Translucent Body, Made in USA, Clear/Black</p><p> -16% 0FF </p><p>$15.98</p><a href="https://www.amazon.com/dp/B007RBB662?tag=eloabder-20&linkCode=osi&th=1&psc=1">View Product</a></div><div class="product"><a href="https://www.amazon.com/dp/B00186O0VU?tag=eloabder-20&linkCode=osi&th=1&psc=1"><img src="https://m.media-amazon.com/images/I/41rhczEmnCL._SL500_.jpg" alt="Product Image"></a><p>IRIS USA 2-Piece 41 Lbs / 45 Qt WeatherPro Airtight Pet Food Storage Container Combo and Treat Box for Dog Cat and Bird Food, Stackable, Keep Fresh, Translucent Body, Easy Mobility, Navy</p><p> -16% 0FF </p><p>$26.99</p><a href="https://www.amazon.com/dp/B00186O0VU?tag=eloabder-20&linkCode=osi&th=1&psc=1">View Product</a></div><div class="product"><a href="https://www.amazon.com/dp/B0CR42S6Z6?tag=eloabder-20&linkCode=osi&th=1&psc=1"><img src="https://m.media-amazon.com/images/I/41xfxL+hl1L._SL500_.jpg" alt="Product Image"></a><p>DDMOMMY 20-23 Lbs Dog Food Storage Container, Collapsible Dog Food Container with Transparent Airtight Lid,Multifunctional Pet Food Storage Container for Dog Cat,Rice,Flour,Pet Food Scoop and Dog Bowl</p><p> -28% 0FF </p><p>$21.48</p><a href="https://www.amazon.com/dp/B0CR42S6Z6?tag=eloabder-20&linkCode=osi&th=1&psc=1">View Product</a></div><div class="product"><a href="https://www.amazon.com/dp/B0D6X28H36?tag=eloabder-20&linkCode=osi&th=1&psc=1"><img src="https://m.media-amazon.com/images/I/31ZzP5BWU-L._SL500_.jpg" alt="Product Image"></a><p>IRIS USA Dog Food Storage Container with Wheels, Airtight Lid, 2-Cup Scoop, Up to 54 Pounds Pet Food Storage, Built in Scoop Storage in Lid, Versatile Pet Food Bin, Portable, BPA Free, Gray/Dark Gray</p><p> -11% 0FF </p><p>$37.49</p><a href="https://www.amazon.com/dp/B0D6X28H36?tag=eloabder-20&linkCode=osi&th=1&psc=1">View Product</a></div>
<div class="product"><a href="https://www.amazon.com/dp/B0B1W5R11Y?tag=eloabder-20&linkCode=osi&th=1&psc=1"><img src="https://m.media-amazon.com/images/I/51ygQjyMvcL._SL500_.jpg" alt="Product Image"></a><p>Dog First Aid Kit - Vet Approved Pet First Aid Supplies to Treat Dogs & Cats in an Emergency - Pet First Aid Kit Guide, Tick Remover, Slip Leash & Medical Essentials for Home, Camping, Car, RV, Travel</p><p> -19% 0FF </p><p>$34.95</p><a href="https://www.amazon.com/dp/B0B1W5R11Y?tag=eloabder-20&linkCode=osi&th=1&psc=1">View Product</a></div><div class="product"><a href="https://www.amazon.com/dp/B0DGWN2LVM?tag=eloabder-20&linkCode=osi&th=1&psc=1"><img src="https://m.media-amazon.com/images/I/417pgtL+1XL._SL500_.jpg" alt="Product Image"></a><p>Dr Brahmsy’s Pet First Aid Kit for Dogs and Cats - Vet-Approved Essential Survival and Emergency Supplies for Home, Travel, Camping, Hiking - Packed in a Portable Waterproof Pouch - 45-Piece Set</p><p> -30% 0FF </p><p>$23.07</p><a href="https://www.amazon.com/dp/B0DGWN2LVM?tag=eloabder-20&linkCode=osi&th=1&psc=1">View Product</a></div>                </div>

                <!-- Bouton flottant -->
                <button class="floating-button" onclick="window.location.href='https://www.iasmarket.us'">HOME</button>
            
                <!-- Pagination -->
                <div class="pagination">
                        </div>

            <script>
                function updateTime() {
                    const optionsDate = {
                        timeZone: 'America/Los_Angeles',
                        year: 'numeric',
                        month: 'long',
                        day: 'numeric',
                        weekday: 'long'
                    };
                    const optionsTime = {
                        timeZone: 'America/Los_Angeles',
                        hour: '2-digit',
                        minute: '2-digit',
                        second: '2-digit'
                    };
        
                    const now = new Date();
                    const formatterDate = new Intl.DateTimeFormat('en-US', optionsDate);
                    const formatterTime = new Intl.DateTimeFormat('en-US', optionsTime);
        
                    const formattedDate = formatterDate.format(now);
                    const formattedTime = formatterTime.format(now);
        
                    document.getElementById('comment').textContent = "As an AMAZON Associate, I earn from qualifying purchases.";
                    document.getElementById('date').textContent = formattedDate;
                    document.getElementById('time').textContent = formattedTime;
                }
        
                updateTime();
                setInterval(updateTime, 1000);
        
                function filterProducts() {
                    const input = document.getElementById('searchInput');
                    const filter = input.value.toLowerCase();
                    const container = document.getElementById('productContainer');
                    const products = container.getElementsByClassName('product');
        
                    for (let i = 0; i < products.length; i++) {
                        const product = products[i];
                        const text = product.textContent || product.innerText;
                        if (text.toLowerCase().indexOf(filter) > -1) {
                            product.style.display = "";
                        } else {
                            product.style.display = "none";
                        }
                    }
                }
            </script>
             </body>
        
            </html>
        